Trade Date,Executed Qty,Executed Price,Stock,Buy Order ID,Sell Order ID,Sell Broker ID,Buy Broker ID
01JUL2014:09:00:00,1,3.09,BE0160342011,10442101280,10442101281,B11293128,B11293128
01JUL2014:09:00:00,1,34.3,CH0008853209,10442101321,10442101322,A170820,A170820
01JUL2014:09:00:00,1,2.96,ES0109429037,10442101354,10442101355,B169653,B169653
01JUL2014:09:00:00,1,19.71,ES0158252033,10442111564,10442101372,A163878,B204480
01JUL2014:09:00:00,1,19.71,ES0158252033,10442101373,10442101368,A2007006,A163878
01JUL2014:09:00:00,2,19.71,ES0158252033,10442111564,10442101377,B133386,B204480
01JUL2014:09:00:00,6,19.71,ES0158252033,10442101375,10442101359,B128778,B128778
01JUL2014:09:00:00,12,19.71,ES0158252033,10442101383,10442101368,A2007006,C439398190
01JUL2014:09:00:00,18,19.71,ES0158252033,10442101367,10442101368,A2007006,C424759231
01JUL2014:09:00:00,44,19.71,ES0158252033,10442101375,10442101368,A2007006,B128778
01JUL2014:09:00:00,75,19.71,ES0158252033,10442111564,10442101368,A2007006,B204480
01JUL2014:09:00:03,14,20.6,ES0158252033,10434416337,10442101363,C8329321,C11084986
01JUL2014:09:00:03,64,20.4,ES0158252033,10442101384,10427330904,C9324721,A8605026
01JUL2014:09:00:03,70,19.98,ES0158252033,10442101384,10442101370,C11084986,A8605026
01JUL2014:09:00:03,136,20.4,ES0158252033,10434416337,10427330904,C9324721,C11084986
01JUL2014:09:04:25,60,19.99,ES0158252033,10442101419,10442101429,A8605026,A11174628
01JUL2014:09:09:03,450,0.28,BMG9887P1068,10442101299,10391849176,C8329321,A2007006
01JUL2014:09:14:29,4,19.74,ES0158252033,10442101545,10442101548,B128778,C439398190
01JUL2014:09:14:29,16,19.76,ES0158252033,10442111588,10442101548,B128778,A11174628
01JUL2014:09:29:05,9,19.76,ES0158252033,10442101624,10442111570,C9677800,A11174628
01JUL2014:09:32:38,3,19.72,ES0158252033,10442101668,10442101671,C424759231,C439398190
01JUL2014:09:32:38,14,19.72,ES0158252033,10442101668,10442101671,C424759231,C439398190
01JUL2014:09:32:38,133,19.73,ES0158252033,10442111617,10442101671,C424759231,A128271
01JUL2014:09:36:15,200,19.68,ES0158252033,10442101493,10442101686,C424759231,A163878
01JUL2014:09:43:08,13,19.69,ES0158252033,10442111625,10442101713,C8329321,A11174628
01JUL2014:09:43:08,29,19.68,ES0158252033,10442101493,10442101713,C8329321,A163878
01JUL2014:09:44:24,55,19.92,ES0158252033,10442101720,10442101715,C439398190,A125250
01JUL2014:09:44:24,74,19.87,ES0158252033,10442101719,10442101718,C9943570,A125250
01JUL2014:09:44:24,98,19.87,ES0158252033,10442101719,10442111601,A11174628,A125250
01JUL2014:09:44:24,100,19.99,ES0158252033,10442101722,10442111607,A8605026,A125250
01JUL2014:09:44:24,133,19.79,ES0158252033,10442101717,10442111618,A128271,A125250
01JUL2014:09:44:24,199,19.92,ES0158252033,10442101720,10442101715,C439398190,A125250
01JUL2014:09:49:47,10,19.77,ES0158252033,10442101740,10442101745,B128778,C439398190
01JUL2014:10:02:56,1070,0.28,BMG9887P1068,10442101302,10405228946,B128778,C11084986
01JUL2014:10:02:56,1500,0.28,BMG9887P1068,10442101302,10434412218,A2007006,C11084986
01JUL2014:10:02:56,1550,0.28,BMG9887P1068,10442101302,10391849176,C8329321,C11084986
01JUL2014:10:02:56,2700,0.28,BMG9887P1068,10442101302,10434412214,C9324721,C11084986
01JUL2014:10:02:56,8622,0.28,BMG9887P1068,10442101302,10434412220,B128778,C11084986
01JUL2014:10:03:00,11,19.98,ES0158252033,10442101829,10442111567,A8605026,C8329321
01JUL2014:10:04:03,22,19.78,ES0158252033,10442101828,10442101830,C11084986,C439398190
01JUL2014:10:04:03,43,19.81,ES0158252033,10442101779,10442101830,C11084986,B128778
01JUL2014:10:04:03,85,19.82,ES0158252033,10442111639,10442101830,C11084986,A11174628
01JUL2014:10:04:50,10,19.91,ES0158252033,10442101836,10442111646,A11174628,B128778
01JUL2014:10:18:45,19,19.77,ES0158252033,10442111649,10442101858,C9324721,A11174628
01JUL2014:10:18:45,41,19.76,ES0158252033,10442101770,10442101858,C9324721,A8605026
01JUL2014:10:25:04,10,19.76,ES0158252033,10442101770,10442101886,B128778,A8605026
01JUL2014:10:32:39,30,19.68,ES0158252033,10442101493,10442101900,A8605026,A163878
01JUL2014:10:32:39,47,19.68,ES0158252033,10442101716,10442101900,A8605026,B128778
01JUL2014:10:32:39,50,19.76,ES0158252033,10442101770,10442101900,A8605026,A8605026
01JUL2014:10:33:40,3,19.68,ES0158252033,10442101716,10442101907,A8605026,B128778
01JUL2014:10:33:40,22,19.54,ES0158252033,10442101905,10442101907,A8605026,C439398190
01JUL2014:10:33:40,41,19.52,ES0158252033,10442101360,10442101907,A8605026,B128778
01JUL2014:10:33:40,54,19.54,ES0158252033,10442101905,10442101907,A8605026,C439398190
01JUL2014:10:33:40,70,19.5,ES0158252033,10442101762,10442101907,A8605026,B124251
01JUL2014:10:33:40,161,19.53,ES0158252033,10442111656,10442101907,A8605026,A128271
01JUL2014:10:34:12,12,19.43,ES0158252033,10442101922,10442101923,A8605026,C439398190
01JUL2014:10:34:12,18,19.46,ES0158252033,10442111659,10442101923,A8605026,A11174628
01JUL2014:10:34:12,65,19.43,ES0158252033,10442101922,10442101923,A8605026,C439398190
01JUL2014:10:34:12,100,19.4,ES0158252033,10442101374,10442101923,A8605026,C11084986
01JUL2014:10:34:12,135,19.42,ES0158252033,10442101920,10442101923,A8605026,A128271
01JUL2014:10:34:12,171,19.38,ES0158252033,10442101684,10442101923,A8605026,C8329321
01JUL2014:10:34:15,12,19.39,ES0158252033,10442101926,10442101927,A8605026,C439398190
01JUL2014:10:34:15,65,19.39,ES0158252033,10442101926,10442101927,A8605026,C439398190
01JUL2014:10:34:15,76,19.36,ES0158252033,10391849762,10434412277,B128778,B8734110
01JUL2014:10:34:15,104,19.35,ES0158252033,10386023902,10434412277,B128778,C156520
01JUL2014:10:34:15,120,19.37,ES0158252033,10434414262,10442101927,A8605026,B124251
01JUL2014:10:34:15,129,19.38,ES0158252033,10442101684,10442101927,A8605026,C8329321
01JUL2014:10:34:15,174,19.36,ES0158252033,10391849762,10442101927,A8605026,B8734110
01JUL2014:10:34:16,1,19.35,ES0158252033,10386023902,10442101928,A125250,C156520
01JUL2014:10:34:16,75,19.35,ES0158252033,10419125608,10442101928,A125250,C156520
01JUL2014:10:34:16,77,19.35,ES0158252033,10398135050,10442101928,A125250,C156520
01JUL2014:10:34:16,80,19.35,ES0158252033,10391850017,10442101928,A125250,C156520
01JUL2014:10:34:16,100,19.35,ES0158252033,10398135320,10442101928,A125250,C156520
01JUL2014:10:34:16,167,19.3,ES0158252033,10442101698,10442101928,A125250,A163878
01JUL2014:10:34:52,10,19.5,ES0158252033,10442101939,10442111646,A11174628,B128778
01JUL2014:10:36:08,15,19.15,ES0158252033,10442101362,10442101376,B133386,C8329321
01JUL2014:10:36:08,28,19.2,ES0158252033,10427330316,10442101949,B128778,C11084986
01JUL2014:10:36:08,41,19.19,ES0158252033,10442101534,10442101376,B133386,C424759231
01JUL2014:10:36:08,47,19.2,ES0158252033,10427330316,10442101376,B133386,C11084986
01JUL2014:10:36:08,142,19.19,ES0158252033,10386022427,10442101376,B133386,A2007006
01JUL2014:10:36:39,50,19.1,ES0158252033,10427330416,10442101959,A125250,B128778
01JUL2014:10:36:39,85,19.15,ES0158252033,10442101362,10442101959,A125250,C8329321
01JUL2014:10:36:39,120,19.16,ES0158252033,10442101952,10442101959,A125250,C9943570
01JUL2014:10:36:53,42,19.05,ES0158252033,10427330317,10442101967,A125250,C8329321
01JUL2014:10:36:53,122,19.06,ES0158252033,10442101964,10442101967,A125250,C9943570
01JUL2014:10:36:53,150,19.04,ES0158252033,10386021962,10442101967,A125250,C8329321
01JUL2014:10:36:54,154,19.01,ES0158252033,10391850127,10442111667,A8605026,C156520
01JUL2014:10:37:19,60,19.01,ES0158252033,10391850127,10442101974,A8605026,C156520
01JUL2014:10:37:19,100,19,ES0158252033,10398134361,10442101974,A8605026,B128778
01JUL2014:10:37:25,54,19,ES0158252033,10411552992,10442101976,A8605026,C9324721
01JUL2014:10:37:25,194,19,ES0158252033,10427330320,10442101976,A8605026,C8329321
01JUL2014:10:37:28,32,19,ES0158252033,10442101379,10442101977,A8605026,B128778
01JUL2014:10:37:28,56,19,ES0158252033,10427330320,10442101977,A8605026,C8329321
01JUL2014:10:37:28,118,19,ES0158252033,10434412327,10442101977,A8605026,C156520
01JUL2014:10:38:54,28,19.1,ES0158252033,10442101992,10442101987,A128271,B128778
01JUL2014:10:39:22,20,19.1,ES0158252033,10442101995,10442101987,A128271,B128778
01JUL2014:10:39:49,30,18.9,ES0158252033,10442101462,10442101996,A125250,B8734110
01JUL2014:10:39:49,200,18.9,ES0158252033,10419126552,10442101996,A125250,C156520
01JUL2014:10:39:50,100,18.85,ES0158252033,10427330322,10442101997,A125250,C11084986
01JUL2014:10:39:50,116,18.86,ES0158252033,10427332232,10442101997,A125250,C424759231
01JUL2014:10:39:53,35,18.91,ES0158252033,10442101999,10442102000,A125250,C9324721
01JUL2014:10:40:07,52,18.81,ES0158252033,10386022788,10442102008,A125250,C8329321
01JUL2014:10:40:07,75,18.66,ES0158252033,10427332012,10427333907,B124251,B124251
01JUL2014:10:40:07,100,18.7,ES0158252033,10386022670,10427333907,B124251,B128778
01JUL2014:10:40:07,125,18.76,ES0158252033,10434414892,10427333907,B124251,C156520
01JUL2014:10:40:07,190,18.8,ES0158252033,10442102010,10442102011,A125250,C9943570
01JUL2014:10:40:36,10,18.66,ES0158252033,10427332012,10442102022,A11288376,B124251
01JUL2014:10:40:38,2,18.64,ES0158252033,10442111668,10442102022,A11288376,A8605026
01JUL2014:10:41:03,12,18.68,ES0158252033,10442111673,10442102027,B240471,A11288376
01JUL2014:10:41:03,200,18.68,ES0158252033,10442111673,10442102027,B240471,A11288376
01JUL2014:10:41:09,12,18.68,ES0158252033,10442111673,10442102028,B240471,A11288376
01JUL2014:10:41:09,54,18.67,ES0158252033,10442102024,10442102029,B144453,B128778
01JUL2014:10:41:09,76,18.68,ES0158252033,10442111673,10442102028,B240471,A11288376
01JUL2014:10:41:13,12,18.68,ES0158252033,10442102031,10442102028,B240471,A11288376
01JUL2014:10:41:13,146,18.67,ES0158252033,10442102024,10442102030,B206403,B128778
01JUL2014:10:41:18,15,18.61,ES0158252033,10442101990,10442102033,A125250,B128778
01JUL2014:10:41:18,98,18.62,ES0158252033,10442111668,10442102032,A125250,A8605026
01JUL2014:10:41:18,100,18.6,ES0158252033,10427330323,10442102034,A125250,C11084986
01JUL2014:10:41:18,125,18.6,ES0158252033,10434412840,10442102034,A125250,C9324721
01JUL2014:10:41:19,37,18.6,ES0158252033,10434412840,10442102035,A125250,C9324721
01JUL2014:10:41:35,12,18.78,ES0158252033,10442102041,10442102020,A11288376,A8605026
01JUL2014:10:41:35,88,18.78,ES0158252033,10442102041,10442102026,A128271,A8605026
01JUL2014:10:41:41,39,18.78,ES0158252033,10442102042,10442102026,A128271,A8605026
01JUL2014:10:42:09,12,18.76,ES0158252033,10442111677,10442102050,A125250,A11174628
01JUL2014:10:42:11,3,18.67,ES0158252033,10442102048,10442102052,A8605026,A11288376
01JUL2014:10:42:11,12,18.75,ES0158252033,10442102039,10442102052,A8605026,B124251
01JUL2014:10:42:15,9,18.67,ES0158252033,10442102048,10442102056,A8605026,A11288376
01JUL2014:10:42:15,13,18.66,ES0158252033,10442111679,10442102056,A8605026,A128271
01JUL2014:10:42:15,119,18.68,ES0158252033,10442102054,10442102056,A8605026,C9943570
01JUL2014:10:42:15,200,18.65,ES0158252033,10442102053,10442102056,A8605026,B8734110
01JUL2014:10:42:27,11,18.68,ES0158252033,10442102063,10442102061,A125250,B128778
01JUL2014:10:42:33,27,18.51,ES0158252033,10442101993,10442102064,A8605026,C8329321
01JUL2014:10:42:33,37,18.5,ES0158252033,10419126841,10434412358,C11084986,C11084986
01JUL2014:10:42:33,66,18.49,ES0158252033,10434412266,10434412358,C11084986,B128778
01JUL2014:10:42:33,72,18.55,ES0158252033,10427330324,10442102064,A8605026,C11084986
01JUL2014:10:42:33,100,18.5,ES0158252033,10398134362,10442102064,A8605026,B128778
01JUL2014:10:42:33,100,18.5,ES0158252033,10434416327,10434412358,C11084986,B8734110
01JUL2014:10:42:33,101,18.5,ES0158252033,10419126841,10442102064,A8605026,C11084986
01JUL2014:10:42:33,200,18.51,ES0158252033,10386023060,10442102064,A8605026,B128778
01JUL2014:10:42:35,144,18.49,ES0158252033,10434412266,10442102065,A8605026,B128778
01JUL2014:10:42:36,10,18.49,ES0158252033,10434412266,10442102067,A11288376,B128778
01JUL2014:10:42:36,20,18.49,ES0158252033,10442102021,10442102067,A11288376,B128778
01JUL2014:10:42:45,101,18.52,ES0158252033,10442102070,10442101904,A8605026,C8329321
01JUL2014:10:42:45,159,18.57,ES0158252033,10442102070,10391849905,A11288376,C8329321
01JUL2014:10:42:57,155,18.57,ES0158252033,10442102071,10391849905,A11288376,B8734110
01JUL2014:10:43:49,3,18.14,ES0158252033,10442102074,10366999217,C424759231,C424759231
01JUL2014:10:43:49,20,18.25,ES0158252033,10391849234,10442102076,C9324721,B128778
01JUL2014:10:43:49,30,18.38,ES0158252033,10442111683,10442102076,C9324721,A11288376
01JUL2014:10:43:49,43,18.37,ES0158252033,10442102072,10442102076,C9324721,C424759231
01JUL2014:10:43:49,45,18.4,ES0158252033,10442102073,10442102076,C9324721,B128778
01JUL2014:10:43:49,97,18.14,ES0158252033,10442102074,10442102076,C9324721,C424759231
01JUL2014:10:43:49,100,18.36,ES0158252033,10398134363,10442102076,C9324721,B128778
01JUL2014:10:43:49,100,18.14,ES0158252033,10442111678,10442102076,C9324721,A8605026
01JUL2014:10:43:49,100,18.14,ES0158252033,10442111678,10366999217,C424759231,A8605026
01JUL2014:10:43:49,200,18.18,ES0158252033,10442102068,10442102076,C9324721,B128778
01JUL2014:10:43:49,200,18.47,ES0158252033,10442102075,10442102076,C9324721,B128778
01JUL2014:10:43:57,30,18.28,ES0158252033,10442102083,10442111684,A8605026,B8734110
01JUL2014:10:44:12,18,18.26,ES0158252033,10442102090,10442102087,B206403,B128778
01JUL2014:10:44:49,3,18.04,ES0158252033,10442111678,10442102094,B240471,A8605026
01JUL2014:10:44:49,10,18.02,ES0158252033,10442102093,10442102094,B240471,B128778
01JUL2014:10:44:49,12,18.11,ES0158252033,10442111687,10442102094,B240471,A11288376
01JUL2014:10:44:49,13,18.14,ES0158252033,10442111686,10442102094,B240471,A11174628
01JUL2014:10:44:49,40,18,ES0158252033,10391849251,10442102094,B240471,A2007006
01JUL2014:10:44:49,100,18.02,ES0158252033,10442101623,10442102094,B240471,B128778
01JUL2014:10:44:49,100,18.01,ES0158252033,10391849675,10442102094,B240471,C156520
01JUL2014:10:44:49,111,18,ES0158252033,10398134356,10442102094,B240471,C156520
01JUL2014:10:44:49,188,18.11,ES0158252033,10442111687,10442102094,B240471,A11288376
01JUL2014:10:44:49,200,18.01,ES0158252033,10398134364,10442102094,B240471,B128778
01JUL2014:10:44:49,200,18.1,ES0158252033,10442102091,10442102094,B240471,B128778
01JUL2014:10:44:55,33,18.28,ES0158252033,10442102098,10442102095,B206403,C9324721
01JUL2014:10:44:55,127,18.27,ES0158252033,10442102098,10442102096,A11174628,C9324721
01JUL2014:10:45:38,188,18.15,ES0158252033,10442102103,10442111689,A11288376,B8734110
01JUL2014:10:45:40,100,18.29,ES0158252033,10442102104,10442111684,A8605026,C8329321
01JUL2014:10:45:40,112,18.29,ES0158252033,10442102104,10442111684,A8605026,C8329321
01JUL2014:10:45:40,188,18.16,ES0158252033,10442102104,10442102100,A125250,C8329321
01JUL2014:10:46:12,100,18.29,ES0158252033,10442102111,10442111684,A8605026,B128778
01JUL2014:10:46:33,200,18.12,ES0158252033,10442102109,10442102112,A125250,B128778
01JUL2014:10:46:38,122,18.03,ES0158252033,10442111688,10442102113,A8982441,A11174628
01JUL2014:10:46:49,50,18.02,ES0158252033,10442102110,10442102115,A8982441,B128778
01JUL2014:10:46:50,9,18,ES0158252033,10398134356,10442102117,B128778,C156520
01JUL2014:10:46:50,20,18,ES0158252033,10411552997,10442102117,B128778,C9324721
01JUL2014:10:46:51,12,18,ES0158252033,10411552997,10442111695,A11288376,C9324721
01JUL2014:10:46:58,45,18.01,ES0158252033,10442102119,10442102116,A8982441,B128778
01JUL2014:10:47:04,101,18.01,ES0158252033,10442102120,10442102116,A8982441,C11084986
01JUL2014:10:48:05,6,17.88,ES0158252033,10442102097,10442102129,A8605026,C424759231
01JUL2014:10:48:05,15,17.76,ES0158252033,10287995116,10442102130,A8605026,C11084986
01JUL2014:10:48:05,75,17.85,ES0158252033,10419125609,10442102130,A8605026,C156520
01JUL2014:10:48:05,85,17.85,ES0158252033,10391850018,10442102130,A8605026,C156520
01JUL2014:10:48:05,94,17.88,ES0158252033,10442102097,10442102130,A8605026,C424759231
01JUL2014:10:48:05,110,17.85,ES0158252033,10398135322,10442102130,A8605026,C156520
01JUL2014:10:48:05,115,17.85,ES0158252033,10386023903,10442102130,A8605026,C156520
01JUL2014:10:48:32,185,17.76,ES0158252033,10287995116,10442102134,A125250,C11084986
01JUL2014:10:58:00,4,17.2,ES0158252033,10442102135,10442111712,A126756,C424759231
01JUL2014:10:58:00,11,17.2,ES0158252033,10338953429,10442102227,B433077165,B128778
01JUL2014:10:58:00,27,17.2,ES0158252033,10442102202,10442111712,A126756,B128778
01JUL2014:10:58:00,29,17.2,ES0158252033,10442102231,10442111712,A126756,B128778
01JUL2014:10:58:00,30,17.2,ES0158252033,10442102167,10442111712,A126756,B128778
01JUL2014:10:58:00,40,17.2,ES0158252033,10442102219,10442111712,A126756,B8734110
01JUL2014:10:58:00,42,17.2,ES0158252033,10442102122,10442102229,B433077165,B8734110
01JUL2014:10:58:00,50,17.2,ES0158252033,10442102172,10442111712,A126756,B8734110
01JUL2014:10:58:00,50,17.2,ES0158252033,10442102176,10442102215,A1768140,B128778
01JUL2014:10:58:00,56,17.2,ES0158252033,10442102143,10442102216,B240471,B128778
01JUL2014:10:58:00,58,17.2,ES0158252033,10442102122,10442102221,A11288376,B8734110
01JUL2014:10:58:00,59,17.2,ES0158252033,10442102128,10442102227,B433077165,C11084986
01JUL2014:10:58:00,62,17.2,ES0158252033,10442102127,10442102215,A1768140,B8734110
01JUL2014:10:58:00,62,17.2,ES0158252033,10281873854,10442102227,B433077165,B128778
01JUL2014:10:58:00,63,17.2,ES0158252033,10277594487,10442102229,B433077165,B128778
01JUL2014:10:58:00,71,17.2,ES0158252033,10287994558,10442102227,B433077165,C156520
01JUL2014:10:58:00,90,17.2,ES0158252033,10442102223,10442102215,A1768140,C8329321
01JUL2014:10:58:00,90,17.2,ES0158252033,10442102222,10442102221,A11288376,C156520
01JUL2014:10:58:00,100,17.2,ES0158252033,10442102185,10442102216,B240471,C9324721
01JUL2014:10:58:00,100,17.2,ES0158252033,10442102181,10442102215,A1768140,C11084986
01JUL2014:10:58:00,120,17.2,ES0158252033,10442102174,10442111712,A126756,B228150
01JUL2014:10:58:00,140,17.2,ES0158252033,10442102224,10442102215,A1768140,C424759231
01JUL2014:10:58:00,141,17.2,ES0158252033,10442102128,10442102230,A126756,C11084986
01JUL2014:10:58:00,173,17.2,ES0158252033,10442102202,10442102215,A1768140,B128778
01JUL2014:10:58:00,188,17.2,ES0158252033,10442102127,10442102216,B240471,B8734110
01JUL2014:10:58:00,200,17.2,ES0158252033,10442102173,10442111712,A126756,B128778
01JUL2014:10:58:00,200,17.2,ES0158252033,10442102088,10442102221,A11288376,A11288376
01JUL2014:10:58:00,200,17.2,ES0158252033,10398134366,10442102229,B433077165,B128778
01JUL2014:10:58:02,57,17.17,ES0158252033,10442102196,10442102237,B429816540,C424759231
01JUL2014:10:58:02,100,17.17,ES0158252033,10311344298,10442102237,B429816540,C156520
01JUL2014:10:58:03,100,17.1,ES0158252033,10311343435,10442111684,A8605026,B128778
01JUL2014:10:58:03,150,17.1,ES0158252033,10373472094,10442111684,A8605026,C156520
01JUL2014:10:58:05,10,17.02,ES0158252033,10442102218,10442102240,B429816540,B128778
01JUL2014:10:58:05,100,17.04,ES0158252033,10405230192,10442102239,B429816540,C8329321
01JUL2014:10:58:08,10,16.85,ES0158252033,10442102242,10442111684,A8605026,C9943570
01JUL2014:10:58:08,15,16.85,ES0158252033,10442102243,10442111684,A8605026,B204480
01JUL2014:10:58:08,100,16.85,ES0158252033,10442111711,10442111684,A8605026,A128271
01JUL2014:10:58:08,100,16.85,ES0158252033,10442102243,10442111684,A8605026,B204480
01JUL2014:10:58:08,100,16.85,ES0158252033,10442102242,10442111684,A8605026,C9943570
01JUL2014:10:58:09,83,16.8,ES0158252033,10442102208,10442111684,A8605026,C424759231
01JUL2014:10:58:13,13,16.54,ES0158252033,10442111703,10442102247,A126756,B405882786
01JUL2014:10:58:13,17,16.8,ES0158252033,10442102208,10442102247,A126756,C424759231
01JUL2014:10:58:13,124,16.81,ES0158252033,10442102246,10442102247,A126756,C9943570
01JUL2014:10:58:43,45,16.54,ES0158252033,10442102265,10442102280,C8329321,B405882786
01JUL2014:10:58:59,145,16.66,ES0158252033,10442102288,10442102295,A125250,B433077165
01JUL2014:10:59:02,46,16.54,ES0158252033,10442102292,10442102298,A8982441,B405882786
01JUL2014:10:59:02,66,16.51,ES0158252033,10271506614,10442102301,A8982441,B128778
01JUL2014:10:59:02,150,16.52,ES0158252033,10249653187,10442102300,A8982441,B8734110
01JUL2014:10:59:03,25,16.3,ES0158252033,10442102291,10411553730,C424759231,B433077165
01JUL2014:10:59:06,200,16.3,ES0158252033,10442102291,10442111722,A11288376,B433077165
01JUL2014:10:59:09,20,16.48,ES0158252033,10442102310,10442102308,B429816540,B128778
01JUL2014:10:59:11,80,16.47,ES0158252033,10442102313,10442102312,B206403,B128778
01JUL2014:10:59:12,25,16.25,ES0158252033,10442102206,10442102314,C8329321,B128778
01JUL2014:10:59:12,200,16.26,ES0158252033,10442102255,10442102314,C8329321,B429816540
01JUL2014:10:59:23,30,16,ES0158252033,10386021954,10442102329,A8982441,B128778
01JUL2014:10:59:23,100,16.1,ES0158252033,10271506741,10442102327,A8982441,B128778
01JUL2014:11:07:00,5,16.5,ES0158252033,10442102418,10442111731,B405882786,C424759231
01JUL2014:11:07:00,29,16.5,ES0158252033,10442102417,10442102419,B128778,B128778
01JUL2014:11:07:00,45,16.5,ES0158252033,10442102392,10442111731,B405882786,C9324721
01JUL2014:11:07:00,48,16.5,ES0158252033,10442102392,10442111734,A126756,C9324721
01JUL2014:11:07:00,70,16.5,ES0158252033,10442102415,10442111731,B405882786,B124251
01JUL2014:11:07:00,71,16.5,ES0158252033,10442102417,10442111731,B405882786,B128778
01JUL2014:11:07:00,77,16.5,ES0158252033,10442102413,10442111731,B405882786,C11084986
01JUL2014:11:07:00,120,16.5,ES0158252033,10442102374,10442102406,A125250,B128778
01JUL2014:11:07:00,150,16.5,ES0158252033,10442102372,10442102406,A125250,C11084986
01JUL2014:11:07:00,150,16.5,ES0158252033,10442102387,10442111734,A126756,C9324721
01JUL2014:11:07:01,130,16.5,ES0158252033,10442102378,10442102428,B429816540,C11084986
01JUL2014:11:07:01,180,16.5,ES0158252033,10442102374,10442102428,B429816540,B128778
01JUL2014:11:07:02,15,16.34,ES0158252033,10442102395,10442102430,A8982441,C1840321
01JUL2014:11:07:02,200,16.37,ES0158252033,10442102396,10442102429,A8982441,B128778
01JUL2014:11:07:03,60,16.34,ES0158252033,10442102395,10442102431,A8982441,C1840321
01JUL2014:11:07:04,158,16.34,ES0158252033,10442102395,10442102435,A8982441,C1840321
01JUL2014:11:07:05,15,16.34,ES0158252033,10442102395,10442102436,B429816540,C1840321
01JUL2014:11:07:06,23,16.24,ES0158252033,10442102434,10442102443,A8982441,A11174628
01JUL2014:11:07:06,25,16.24,ES0158252033,10442111727,10442102443,A8982441,A11288376
01JUL2014:11:07:06,50,16.31,ES0158252033,10442102348,10442102442,A8982441,C8329321
01JUL2014:11:07:06,50,16.23,ES0158252033,10442111733,10442102444,A8982441,B405882786
01JUL2014:11:07:06,60,16.32,ES0158252033,10442102355,10442102441,A8982441,B128778
01JUL2014:11:07:06,109,16.2,ES0158252033,10442111726,10442102446,A8982441,B8734110
01JUL2014:11:07:08,31,16.12,ES0158252033,10442102411,10442102450,A8982441,C8329321
01JUL2014:11:07:08,36,16.04,ES0158252033,10442111737,10442102456,A8605026,A11174628
01JUL2014:11:07:08,43,16.01,ES0158252033,10442102346,10442102456,A8605026,C424759231
01JUL2014:11:07:08,45,16.12,ES0158252033,10442102403,10442102450,A8982441,B8734110
01JUL2014:11:07:08,50,16.1,ES0158252033,10442102390,10442102451,A8982441,B128778
01JUL2014:11:07:08,157,16.02,ES0158252033,10442102454,10442102456,A8605026,C9943570
01JUL2014:11:07:13,24,16.6,ES0158252033,10442102463,10442102416,B128778,B133386
01JUL2014:11:07:13,100,16.54,ES0158252033,10442102463,10442111738,A11288376,B133386
01JUL2014:11:07:13,135,16.79,ES0158252033,10442102463,10442111662,A128271,B133386
01JUL2014:11:11:36,150,3.05,BE0160342011,10442101268,10442101282,C156520,B11293128
01JUL2014:11:30:00,3,575,CI0000053161,10442101341,10442101335,B124251,C1840321
01JUL2014:11:52:37,1150,0.28,BMG9887P1068,10442101302,10442101303,B8734110,C11084986
01JUL2014:12:16:00,6,14.5,ES0158252033,10442102901,10442102864,A125250,C156520
01JUL2014:12:16:00,7,14.5,ES0158252033,10442102800,10442111759,A8605026,B128778
01JUL2014:12:16:00,10,14.5,ES0158252033,10442102894,10442102855,B124251,C424759231
01JUL2014:12:16:00,10,14.5,ES0158252033,10277597486,10442111759,A8605026,B128778
01JUL2014:12:16:00,12,14.5,ES0158252033,10442102783,10442102675,C133903,C8329321
01JUL2014:12:16:00,12,14.5,ES0158252033,10442102463,10442111759,A8605026,B133386
01JUL2014:12:16:00,14,14.5,ES0158252033,10442102848,10442102818,A128271,B128778
01JUL2014:12:16:00,15,14.5,ES0158252033,10442102832,10442102675,C133903,C156520
01JUL2014:12:16:00,18,14.5,ES0158252033,10442102553,10442102676,C8329321,C8329321
01JUL2014:12:16:00,20,14.5,ES0158252033,10442102714,10442111759,A8605026,B128778
01JUL2014:12:16:00,20,14.5,ES0158252033,10249651419,10442111764,A11288376,C424759231
01JUL2014:12:16:00,23,14.5,ES0158252033,10442102745,10442111759,A8605026,B128778
01JUL2014:12:16:00,23,14.5,ES0158252033,10442102653,10442111759,A8605026,C11084986
01JUL2014:12:16:00,25,14.5,ES0158252033,10442102827,10442111759,A8605026,C424759231
01JUL2014:12:16:00,25,14.5,ES0158252033,10442102906,10442111760,B405882786,C424759231
01JUL2014:12:16:00,29,14.5,ES0158252033,10442102901,10442111760,B405882786,C156520
01JUL2014:12:16:00,32,14.5,ES0158252033,10442102556,10442102566,C8489260,C424759231
01JUL2014:12:16:00,34,14.5,ES0158252033,10442102642,10442102900,A95703,B128778
01JUL2014:12:16:00,34,14.5,ES0158252033,10442102559,10442111766,A95703,C8329321
01JUL2014:12:16:00,34,14.5,ES0158252033,10442102560,10442111766,A95703,C8329321
01JUL2014:12:16:00,34,14.5,ES0158252033,10442102564,10442111766,A95703,C8329321
01JUL2014:12:16:00,35,14.5,ES0158252033,10442102850,10442102818,A128271,B128778
01JUL2014:12:16:00,36,14.5,ES0158252033,10442102600,10442102566,C8489260,C8329321
01JUL2014:12:16:00,46,14.5,ES0158252033,10442102848,10442102675,C133903,B128778
01JUL2014:12:16:00,48,14.42,ES0158252033,10442102898,10256854633,A2007006,B8734110
01JUL2014:12:16:00,49,14.5,ES0158252033,10442102791,10442111759,A8605026,B128778
01JUL2014:12:16:00,50,14.5,ES0158252033,10442102532,10442111766,A95703,B128778
01JUL2014:12:16:00,50,14.5,ES0158252033,10442102809,10442111759,A8605026,B128778
01JUL2014:12:16:00,50,14.5,ES0158252033,10442102812,10442111759,A8605026,B128778
01JUL2014:12:16:00,50,14.5,ES0158252033,10442102836,10442111759,A8605026,B128778
01JUL2014:12:16:00,50,14.5,ES0158252033,10442102740,10442111759,A8605026,B228150
01JUL2014:12:16:00,50,14.5,ES0158252033,10442102647,10442111759,A8605026,C8329321
01JUL2014:12:16:00,50,14.5,ES0158252033,10442102893,10442111759,A8605026,C424759231
01JUL2014:12:16:00,50,14.5,ES0158252033,10442102894,10442102829,C9324721,C424759231
01JUL2014:12:16:00,50,14.4,ES0158252033,10442102816,10124304394,B11293128,B128778
01JUL2014:12:16:00,56,14.5,ES0158252033,10442102811,10442102675,C133903,C11084986
01JUL2014:12:16:00,57,14.5,ES0158252033,10442102346,10442111759,A8605026,C424759231
01JUL2014:12:16:00,60,14.5,ES0158252033,10442102623,10442102900,A95703,A8605026
01JUL2014:12:16:00,60,14.5,ES0158252033,10442102824,10442102675,C133903,B128778
01JUL2014:12:16:00,60,14.5,ES0158252033,10442102805,10442111759,A8605026,B128778
01JUL2014:12:16:00,61,14.5,ES0158252033,10442102903,10442111766,A95703,C424759231
01JUL2014:12:16:00,64,14.5,ES0158252033,10442102694,10442102566,C8489260,B128778
01JUL2014:12:16:00,68,14.45,ES0158252033,10442102776,10256854633,A2007006,B124251
01JUL2014:12:16:00,70,14.5,ES0158252033,10442102584,10442102900,A95703,B128778
01JUL2014:12:16:00,70,14.5,ES0158252033,10442102695,10442102675,C133903,C9324721
01JUL2014:12:16:00,70,14.5,ES0158252033,10442102635,10442111759,A8605026,B128778
01JUL2014:12:16:00,75,14.5,ES0158252033,10442102871,10442111759,A8605026,B128778
01JUL2014:12:16:00,77,14.5,ES0158252033,10442102789,10442111760,B405882786,C9324721
01JUL2014:12:16:00,78,14.5,ES0158252033,10442102587,10442111761,A8605026,B8734110
01JUL2014:12:16:00,80,14.5,ES0158252033,10442102798,10442102675,C133903,B128778
01JUL2014:12:16:00,80,14.5,ES0158252033,10442102605,10442111759,A8605026,B8734110
01JUL2014:12:16:00,90,14.5,ES0158252033,10442102806,10442111759,A8605026,B8734110
01JUL2014:12:16:00,90,14.5,ES0158252033,10442102807,10442111759,A8605026,B8734110
01JUL2014:12:16:00,92,14.5,ES0158252033,10249653193,10442111766,A95703,B8734110
01JUL2014:12:16:00,93,14.5,ES0158252033,10442102755,10442102905,B429816540,C156520
01JUL2014:12:16:00,94,14.5,ES0158252033,10442102731,10442111764,A11288376,C424759231
01JUL2014:12:16:00,96,14.5,ES0158252033,10442102625,10442102566,C8489260,C11084986
01JUL2014:12:16:00,99,14.5,ES0158252033,10442102760,10442111759,A8605026,C8329321
01JUL2014:12:16:00,100,14.5,ES0158252033,10442102738,10442102900,A95703,C156520
01JUL2014:12:16:00,100,14.5,ES0158252033,10442102727,10442102900,A95703,C9324721
01JUL2014:12:16:00,100,14.5,ES0158252033,10442102758,10442102900,A95703,C424759231
01JUL2014:12:16:00,100,14.5,ES0158252033,10442102757,10442102675,C133903,B128778
01JUL2014:12:16:00,100,14.5,ES0158252033,10442102796,10442102675,C133903,B128778
01JUL2014:12:16:00,100,14.5,ES0158252033,10442102797,10442102675,C133903,C156520
01JUL2014:12:16:00,100,14.5,ES0158252033,10442102706,10442102675,C133903,C9324721
01JUL2014:12:16:00,100,14.5,ES0158252033,10442102691,10442102566,C8489260,B8734110
01JUL2014:12:16:00,100,14.5,ES0158252033,10442102890,10442111759,A8605026,A2007006
01JUL2014:12:16:00,100,14.5,ES0158252033,10442102397,10442111759,A8605026,C8329321
01JUL2014:12:16:00,105,14.5,ES0158252033,10442102833,10442111759,A8605026,C9324721
01JUL2014:12:16:00,108,14.5,ES0158252033,10249653193,10442102900,A95703,B8734110
01JUL2014:12:16:00,110,14.5,ES0158252033,10442102386,10442111759,A8605026,C424759231
01JUL2014:12:16:00,120,14.5,ES0158252033,10442102724,10442102675,C133903,C9324721
01JUL2014:12:16:00,125,14.5,ES0158252033,10442102399,10442111759,A8605026,C11084986
01JUL2014:12:16:00,130,14.5,ES0158252033,10442102385,10442111759,A8605026,B128778
01JUL2014:12:16:00,130,14.5,ES0158252033,10442102537,10442111759,A8605026,C8329321
01JUL2014:12:16:00,133,14.5,ES0158252033,10442102619,10442111761,A8605026,C156520
01JUL2014:12:16:00,140,14.5,ES0158252033,10442102771,10442111759,A8605026,C9324721
01JUL2014:12:16:00,150,14.5,ES0158252033,10442102609,10442111766,A95703,C156520
01JUL2014:12:16:00,150,14.5,ES0158252033,10442102814,10442102675,C133903,C156520
01JUL2014:12:16:00,150,14.5,ES0158252033,10442102732,10442102675,C133903,C9324721
01JUL2014:12:16:00,150,14.5,ES0158252033,10442102877,10442111759,A8605026,C8329321
01JUL2014:12:16:00,150,14.5,ES0158252033,10442102515,10442111759,A8605026,B8734110
01JUL2014:12:16:00,150,14.5,ES0158252033,10442102875,10442111759,A8605026,C11084986
01JUL2014:12:16:00,152,14.42,ES0158252033,10442102898,10124304394,B11293128,B8734110
01JUL2014:12:16:00,157,14.5,ES0158252033,10442102653,10442102905,B429816540,C11084986
01JUL2014:12:16:00,175,14.5,ES0158252033,10442111753,10442102864,A125250,A125250
01JUL2014:12:16:00,180,14.5,ES0158252033,10442102680,10442102566,C8489260,C11084986
01JUL2014:12:16:00,200,14.5,ES0158252033,10442102710,10442102900,A95703,C156520
01JUL2014:12:16:00,200,14.5,ES0158252033,10442102786,10442102900,A95703,C8329321
01JUL2014:12:16:00,200,14.5,ES0158252033,10442102753,10442102675,C133903,B128778
01JUL2014:12:16:00,200,14.5,ES0158252033,10442102580,10442102566,C8489260,C9324721
01JUL2014:12:16:00,200,14.5,ES0158252033,10442102902,10442111759,A8605026,C156520
01JUL2014:12:16:00,200,14.5,ES0158252033,10442102858,10442111764,A11288376,B128778
01JUL2014:12:16:00,201,14.5,ES0158252033,10442102894,10442102818,A128271,C424759231
01JUL2014:12:18:00,20,14,ES0158252033,10442102928,10124304394,B11293128,B128778
01JUL2014:12:18:00,20,14,ES0158252033,10249651552,10124304396,B11293128,C424759231
01JUL2014:12:18:00,50,14,ES0158252033,10442102627,10442111768,A11288376,C156520
01JUL2014:12:18:00,61,14,ES0158252033,10442102940,10442111768,A11288376,B429816540
01JUL2014:12:18:00,65,14,ES0158252033,10442102926,10124304396,B11293128,B128778
01JUL2014:12:18:00,66,14,ES0158252033,10442102859,10124304396,B11293128,B128778
01JUL2014:12:18:00,70,13.9,ES0158252033,10156383031,10124304391,B11293128,B128778
01JUL2014:12:18:00,75,13.75,ES0158252033,10442102813,10124304391,B11293128,B128778
01JUL2014:12:18:00,100,14,ES0158252033,10442102733,10442111766,A95703,C156520
01JUL2014:12:18:00,100,14,ES0158252033,10442102933,10124304396,B11293128,B128778
01JUL2014:12:18:00,100,14,ES0158252033,10442102747,10124304396,B11293128,C156520
01JUL2014:12:18:00,111,14,ES0158252033,10442102859,10442111771,A11288376,B128778
01JUL2014:12:18:00,140,14,ES0158252033,10442102722,10442111766,A95703,C424759231
01JUL2014:12:18:00,150,14,ES0158252033,10442102652,10442111766,A95703,C9324721
01JUL2014:12:18:00,177,14,ES0158252033,10442102847,10124304396,B11293128,C156520
01JUL2014:12:18:00,200,14,ES0158252033,10442102687,10442111766,A95703,B8734110
01JUL2014:12:18:00,200,14,ES0158252033,10442102762,10124304396,B11293128,C156520
01JUL2014:12:26:00,4,13,ES0158252033,10442102969,10124304391,B11293128,B128778
01JUL2014:12:26:00,5,13,ES0158252033,10442102964,10241247403,B128778,B128778
01JUL2014:12:26:00,15,13,ES0158252033,10442111772,10124304399,B11293128,A11288376
01JUL2014:12:26:00,25,13,ES0158252033,10442111781,10124304397,B11293128,B433077165
01JUL2014:12:26:00,27,13,ES0158252033,10442102994,10124304398,B11293128,B124251
01JUL2014:12:26:00,36,13,ES0158252033,10442102969,10241247403,B128778,B128778
01JUL2014:12:26:00,40,13,ES0158252033,10442103014,10442111744,A126756,B128778
01JUL2014:12:26:00,40,13,ES0158252033,10442103033,10442111744,A126756,B8734110
01JUL2014:12:26:00,43,13,ES0158252033,10442111781,10124304398,B11293128,B433077165
01JUL2014:12:26:00,73,13,ES0158252033,10442102994,10442103007,C11084986,B124251
01JUL2014:12:26:00,75,13,ES0158252033,10442102968,10442111744,A126756,C9324721
01JUL2014:12:26:00,75,13,ES0158252033,10442103004,10124304397,B11293128,B128778
01JUL2014:12:26:00,80,13,ES0158252033,10442102987,10124304397,B11293128,B133386
01JUL2014:12:26:00,90,13,ES0158252033,10442103025,10442102984,A95703,B8734110
01JUL2014:12:26:00,100,13,ES0158252033,10442102993,10277594330,C8329321,C8329321
01JUL2014:12:26:00,100,13,ES0158252033,10442103022,10124304398,B11293128,B124251
01JUL2014:12:26:00,100,13,ES0158252033,10442103019,10124304398,B11293128,C156520
01JUL2014:12:26:00,100,13,ES0158252033,10442111785,10124304398,B11293128,B429816540
01JUL2014:12:26:00,123,13,ES0158252033,10442102998,10124304397,B11293128,C9324721
01JUL2014:12:26:00,132,13,ES0158252033,10442103027,10124304398,B11293128,B8734110
01JUL2014:12:26:00,148,13,ES0158252033,10442102972,10124304397,B11293128,B11293128
01JUL2014:12:26:00,200,13,ES0158252033,10442102992,10124304397,B11293128,C156520
01JUL2014:12:36:29,1268,0.28,BMG9887P1068,10442101302,10442101305,C156520,C11084986
01JUL2014:12:36:29,1732,0.28,BMG9887P1068,10442101304,10442101305,C156520,B128778
01JUL2014:12:42:00,19,12.9,ES0158252033,10442103072,10442103171,B128778,B128778
01JUL2014:12:42:00,32,12.9,ES0158252033,10442103073,10442103171,B128778,B128778
01JUL2014:12:42:00,34,12.89,ES0158252033,10442103192,10442103190,A8982441,B429816540
01JUL2014:12:42:00,38,12.9,ES0158252033,10442103102,10124304399,B11293128,C8329321
01JUL2014:12:42:00,40,12.9,ES0158252033,10442103117,10442103184,A8982441,B128778
01JUL2014:12:42:00,50,12.9,ES0158252033,10442103097,10124304406,B11293128,C424759231
01JUL2014:12:42:00,73,12.9,ES0158252033,10442103169,10124304399,B11293128,B8734110
01JUL2014:12:42:00,84,12.9,ES0158252033,10442103154,10442103171,B128778,B128778
01JUL2014:12:42:00,100,12.9,ES0158252033,10442103082,10442103075,A126756,B8734110
01JUL2014:12:42:00,100,12.9,ES0158252033,10442103148,10442103171,B128778,C9324721
01JUL2014:12:42:00,100,12.9,ES0158252033,10442103165,10124304399,B11293128,C9324721
01JUL2014:12:42:00,119,12.91,ES0158252033,10442103182,10442103184,A8982441,B204480
01JUL2014:12:42:00,125,12.9,ES0158252033,10442103132,10124304406,B11293128,C8329321
01JUL2014:12:42:00,140,12.9,ES0158252033,10442103076,10442103136,C8329321,C8329321
01JUL2014:12:42:00,150,12.9,ES0158252033,10442103076,10442103051,C8329321,C8329321
01JUL2014:12:42:00,150,12.9,ES0158252033,10442103124,10124304399,B11293128,C9324721
01JUL2014:12:42:00,153,12.9,ES0158252033,10442103155,10124304399,B11293128,C11084986
01JUL2014:12:42:00,154,12.9,ES0158252033,10442103092,10442103171,B128778,A2007006
01JUL2014:12:42:00,157,12.9,ES0158252033,10442103169,10124304406,B11293128,B8734110
01JUL2014:12:42:00,160,12.9,ES0158252033,10442103099,10442103171,B128778,B128778
01JUL2014:12:42:00,169,12.9,ES0158252033,10442103149,10442103163,C156520,C156520
01JUL2014:12:42:00,170,12.9,ES0158252033,10442103134,10442103171,B128778,C11084986
01JUL2014:12:42:00,200,12.9,ES0158252033,10442103151,10124304399,B11293128,C11084986
01JUL2014:12:42:04,80,12.82,ES0158252033,10442102975,10442103195,B429816540,C9324721
01JUL2014:12:42:05,50,12.75,ES0158252033,10442103116,10442103196,B429816540,C156520
01JUL2014:12:42:05,170,12.75,ES0158252033,10442103145,10442103196,B429816540,C156520
01JUL2014:12:42:06,90,12.72,ES0158252033,10442103028,10442103197,B429816540,B8734110
01JUL2014:12:42:07,50,12.7,ES0158252033,10442103129,10442103198,B433077165,B128778
01JUL2014:12:42:07,110,12.7,ES0158252033,10442103160,10442103198,B433077165,C9324721
01JUL2014:12:42:13,50,12.55,ES0158252033,10442103069,10442103201,B429816540,B8734110
01JUL2014:12:42:18,31,12.5,ES0158252033,10442103079,10442103209,B429816540,B128778
01JUL2014:12:42:18,100,12.36,ES0158252033,10442103147,10442111786,B429816540,C8329321
01JUL2014:12:42:18,160,12.55,ES0158252033,10442103208,10442103207,B429816540,B433077165
01JUL2014:12:42:20,50,12.36,ES0158252033,10442103147,10442103213,B429816540,C8329321
01JUL2014:12:42:50,10,12.12,ES0158252033,10442103115,10442103229,B429816540,B128778
01JUL2014:12:42:50,90,12.22,ES0158252033,10442103018,10442103229,B429816540,B128778
01JUL2014:12:43:01,40,12.29,ES0158252033,10442103241,10442103230,B206403,B128778
01JUL2014:12:43:01,72,12.12,ES0158252033,10442103115,10442103234,A8982441,B128778
01JUL2014:12:43:01,84,12,ES0158252033,10442103015,10442103240,A8982441,C11084986
01JUL2014:12:43:01,90,12.02,ES0158252033,10442103080,10442103238,A8982441,B8734110
01JUL2014:12:43:01,100,12.01,ES0158252033,10442103125,10442103239,A8982441,B128778
01JUL2014:12:43:12,6,12.57,ES0158252033,10442103245,10442103204,B429816540,C9324721
01JUL2014:12:43:12,45,12.39,ES0158252033,10442103245,10442103223,B429816540,C9324721
01JUL2014:12:43:29,100,12.2,ES0158252033,10442103250,10442103257,A8982441,C1840321
01JUL2014:12:43:29,190,12.01,ES0158252033,10442103246,10442103258,A8982441,C9943570
01JUL2014:12:43:30,20,11.99,ES0158252033,10442103077,10442103261,B429816540,B128778
01JUL2014:12:43:32,69,11.89,ES0158252033,10442103118,10442103264,B429816540,C424759231
01JUL2014:12:43:32,103,11.99,ES0158252033,10442103263,10442103262,B206403,B128778
01JUL2014:12:43:32,147,12,ES0158252033,10442103263,10442103260,A8982441,B128778
01JUL2014:12:43:36,50,11.88,ES0158252033,10442103270,10442103269,B429816540,B429816540
01JUL2014:12:43:37,100,12,ES0158252033,10442103273,10442103267,B124251,B429816540
01JUL2014:12:43:48,100,12.46,ES0158252033,10442103281,10442111798,B433077165,B128778
01JUL2014:12:43:57,90,11.86,ES0158252033,10442103086,10442103287,C8329321,B8734110
01JUL2014:12:44:13,23,12.05,ES0158252033,10442111803,10442103303,B429816540,A95703
01JUL2014:12:44:17,23,12.08,ES0158252033,10442103306,10442103308,B429816540,B429816540
01JUL2014:12:44:22,13,12.07,ES0158252033,10442103311,10442103310,A2007006,B433077165
01JUL2014:12:44:35,200,12.05,ES0158252033,10442111803,10442103321,B429816540,A95703
01JUL2014:12:44:40,160,12,ES0158252033,10442103318,10442103327,A8982441,B124251
01JUL2014:12:44:43,90,11.82,ES0158252033,10442102980,10442103335,B429816540,C9324721
01JUL2014:12:44:48,11,11.75,ES0158252033,10442103314,10442103340,B429816540,C156520
01JUL2014:12:44:59,20,11.77,ES0158252033,10442103345,10442103342,B429816540,A95703
01JUL2014:12:45:09,100,11.99,ES0158252033,10442103352,10442103346,B206403,C156520
01JUL2014:12:45:11,89,11.75,ES0158252033,10442103314,10442103355,B433077165,C156520
01JUL2014:13:07:00,25,12.5,ES0158252033,10442103508,10442103497,B128778,B128778
01JUL2014:13:07:00,31,12.5,ES0158252033,10442103548,10442103497,B128778,B128778
01JUL2014:13:07:00,50,12.5,ES0158252033,10442103548,10442103409,B128778,B128778
01JUL2014:13:07:00,67,12.5,ES0158252033,10442103548,10442103383,B128778,B128778
01JUL2014:13:07:00,71,12.5,ES0158252033,10442103447,10442103501,C11084986,C11084986
01JUL2014:13:07:00,85,12.5,ES0158252033,10442103417,10442103497,B128778,C9324721
01JUL2014:13:07:00,85,12.5,ES0158252033,10442103486,10442103401,A8982441,B133386
01JUL2014:13:07:00,100,12.5,ES0158252033,10442103526,10442103497,B128778,B128778
01JUL2014:13:07:00,100,12.5,ES0158252033,10442103487,10442111818,B11293128,B8734110
01JUL2014:13:07:00,102,12.5,ES0158252033,10442103548,10442103389,B128778,B128778
01JUL2014:13:07:00,110,12.5,ES0158252033,10442103482,10442103497,B128778,A2007006
01JUL2014:13:07:00,129,12.5,ES0158252033,10442103453,10442103501,C11084986,B169653
01JUL2014:13:07:00,141,12.5,ES0158252033,10442103531,10442111818,B11293128,B433077165
01JUL2014:13:07:00,150,12.5,ES0158252033,10442103445,10442111818,B11293128,C156520
01JUL2014:13:07:00,200,12.5,ES0158252033,10442103448,10442103497,B128778,C9324721
01JUL2014:13:07:10,175,12.5,ES0158252033,10442103490,10442103561,A95703,C11084986
01JUL2014:13:07:17,30,12.5,ES0158252033,10442103568,10442103561,A95703,B128778
01JUL2014:13:07:20,100,12.5,ES0158252033,10442103571,10442103561,A95703,C424759231
01JUL2014:13:07:22,100,12.4,ES0158252033,10442103431,10442103573,B429816540,B128778
01JUL2014:13:07:32,100,12.4,ES0158252033,10442103584,10442103577,B429816540,C156520
01JUL2014:13:07:44,150,12.44,ES0158252033,10442103592,10442111828,B429816540,C424759231
01JUL2014:13:08:02,40,12.41,ES0158252033,10442103600,10442103598,B206403,C8329321
01JUL2014:13:08:02,60,12.41,ES0158252033,10442103599,10442111829,A2007006,B8734110
01JUL2014:13:08:02,190,12.41,ES0158252033,10442103599,10442103598,B206403,B8734110
01JUL2014:13:08:15,40,12.4,ES0158252033,10442103611,10442103605,A8982441,C8329321
01JUL2014:13:08:23,100,12.19,ES0158252033,10442103602,10442103613,B429816540,C424759231
01JUL2014:13:08:23,150,12.18,ES0158252033,10442103587,10442103613,B429816540,B433077165
01JUL2014:13:08:25,200,12.18,ES0158252033,10442111826,10442103616,B429816540,B433077165
01JUL2014:13:08:31,50,12,ES0158252033,10442103407,10442103622,B429816540,C424759231
01JUL2014:13:08:35,147,12.2,ES0158252033,10442103625,10442103615,A128271,B429816540
01JUL2014:13:08:37,53,12.2,ES0158252033,10442103625,10442103626,B429816540,B429816540
01JUL2014:13:08:41,5,12.36,ES0158252033,10442103632,10442103631,A8982441,B128778
01JUL2014:13:08:44,100,12.36,ES0158252033,10442103635,10442103631,A8982441,A2007006
01JUL2014:13:08:46,28,12.36,ES0158252033,10442103640,10442111829,A2007006,B128778
01JUL2014:13:08:46,100,12.35,ES0158252033,10442103640,10442103637,B429816540,B128778
01JUL2014:13:08:56,50,12.3,ES0158252033,10442103646,10442103652,B429816540,B128778
01JUL2014:13:09:11,12,12.23,ES0158252033,10442111835,10442103657,B429816540,A11288376
01JUL2014:13:09:12,14,12.12,ES0158252033,10442103638,10442103660,B11293128,C439398190
01JUL2014:13:09:12,40,12.2,ES0158252033,10442103659,10442103660,B11293128,C424759231
01JUL2014:13:09:12,81,12.2,ES0158252033,10442103642,10442103660,B11293128,C9324721
01JUL2014:13:09:12,101,12.01,ES0158252033,10442103623,10442103660,B11293128,B433077165
01JUL2014:13:09:12,134,12.12,ES0158252033,10442103638,10442103660,B11293128,C439398190
01JUL2014:13:09:16,11,12.02,ES0158252033,10442103661,10442103664,B429816540,C439398190
01JUL2014:13:09:29,2,12.22,ES0158252033,10442103673,10442111829,A2007006,A2007006
01JUL2014:13:09:32,105,12.22,ES0158252033,10442103675,10442103669,A8982441,B128778
01JUL2014:13:09:37,162,12.22,ES0158252033,10442103678,10442103669,A8982441,B433077165
01JUL2014:13:09:47,20,12.01,ES0158252033,10442103679,10442103681,B429816540,B433077165
01JUL2014:13:09:48,12,12.16,ES0158252033,10442103682,10442111840,A11288376,B128778
01JUL2014:13:09:50,26,12,ES0158252033,10442103412,10442103686,B405882786,C11084986
01JUL2014:13:09:51,17,12,ES0158252033,10442103507,10442103688,B433077165,C9324721
01JUL2014:13:09:51,40,12,ES0158252033,10442103535,10442103688,B433077165,C424759231
01JUL2014:13:09:51,200,12,ES0158252033,10442103507,10442103687,B128778,C9324721
01JUL2014:13:10:02,200,12,ES0158252033,10442111848,10442103700,A8982441,A11288376
01JUL2014:13:10:08,186,12,ES0158252033,10442103708,10442103700,A8982441,B433077165
01JUL2014:13:10:27,77,12.17,ES0158252033,10442103716,10442103715,B433077165,C11084986
01JUL2014:13:10:30,23,12.17,ES0158252033,10442103719,10442103712,B429816540,A2007006
01JUL2014:13:10:30,29,12.17,ES0158252033,10442103719,10442103712,B429816540,A2007006
01JUL2014:13:10:30,123,12.17,ES0158252033,10442103719,10442103715,B433077165,A2007006
01JUL2014:13:10:46,55,12.2,ES0158252033,10442103727,10442103710,B11293128,B429816540
01JUL2014:13:10:48,145,12.2,ES0158252033,10442103729,10442103710,B11293128,A11288376
01JUL2014:13:10:48,155,12.2,ES0158252033,10442103729,10442103710,B11293128,A11288376
01JUL2014:13:10:52,145,12.2,ES0158252033,10442103732,10442103710,B11293128,B429816540
01JUL2014:13:10:53,95,12.2,ES0158252033,10442103734,10442103710,B11293128,B433077165
01JUL2014:13:10:56,105,12.22,ES0158252033,10442103736,10442103669,A8982441,B128778
01JUL2014:13:11:11,100,12.32,ES0158252033,10442103747,10442111838,A8605026,B128778
01JUL2014:13:11:16,100,12.31,ES0158252033,10442103748,10442111841,B429816540,C156520
01JUL2014:13:11:25,100,12.32,ES0158252033,10442103754,10442111838,A8605026,B11293128
01JUL2014:13:11:25,100,12.35,ES0158252033,10442103754,10442103737,B429816540,B11293128
01JUL2014:13:11:27,68,12.48,ES0158252033,10442103756,10442111857,A11288376,B429816540
01JUL2014:13:11:32,20,12.49,ES0158252033,10442103761,10442103760,B433077165,B128778
01JUL2014:13:11:46,44,12.49,ES0158252033,10442103770,10442103767,B128778,C156520
01JUL2014:13:11:47,35,12.5,ES0158252033,10442103771,10442103561,A95703,B128778
01JUL2014:13:11:51,40,12.69,ES0158252033,10442103782,10442111853,B429816540,C8329321
01JUL2014:13:11:52,80,12.99,ES0158252033,10442103786,10442103742,C424759231,B128778
01JUL2014:13:11:57,100,12.99,ES0158252033,10442103792,10442103742,C424759231,C424759231
01JUL2014:13:12:03,85,12.98,ES0158252033,10442103798,10442103797,B429816540,C156520
01JUL2014:13:12:05,27,12.98,ES0158252033,10442103798,10442103803,B433077165,C156520
01JUL2014:13:12:07,70,12.8,ES0158252033,10442103807,10442103805,A8982441,C424759231
01JUL2014:13:12:07,120,12.8,ES0158252033,10442103808,10442103805,A8982441,A11288376
01JUL2014:13:12:11,200,12.68,ES0158252033,10442103778,10442111877,B433077165,A128271
01JUL2014:13:12:17,40,12.72,ES0158252033,10442103815,10442111877,B433077165,B128778
01JUL2014:13:12:22,200,12.52,ES0158252033,10442111878,10442103819,B429816540,A8605026
01JUL2014:13:12:27,10,12.5,ES0158252033,10442103824,10442103819,B429816540,B128778
01JUL2014:13:12:29,200,12.5,ES0158252033,10442103826,10442103823,B433077165,C11084986
01JUL2014:13:12:34,11,12.64,ES0158252033,10442103830,10442111883,B405882786,B144453
01JUL2014:13:12:36,100,12.54,ES0158252033,10442103834,10442103833,A8982441,A11288376
01JUL2014:13:12:36,155,12.54,ES0158252033,10442111875,10442103833,A8982441,A11288376
01JUL2014:13:12:39,20,12.54,ES0158252033,10442103838,10442103833,A8982441,B128778
01JUL2014:13:12:42,135,12.54,ES0158252033,10442103843,10442103833,A8982441,B124251
01JUL2014:13:13:13,90,12.49,ES0158252033,10442103860,10442103856,A8982441,B128778
01JUL2014:13:13:23,32,12.49,ES0158252033,10442103863,10442103856,A8982441,B144453
01JUL2014:13:13:36,100,12.5,ES0158252033,10442111893,10442103850,B11293128,A8605026
01JUL2014:13:13:38,150,12.5,ES0158252033,10442103869,10442103850,B11293128,B8734110
01JUL2014:13:13:41,110,12.5,ES0158252033,10442103872,10442103850,B11293128,B128778
01JUL2014:13:14:03,150,12.49,ES0158252033,10442103886,10442103879,B433077165,A2007006
01JUL2014:13:14:07,100,12.49,ES0158252033,10442103890,10442103885,B433077165,B8734110
01JUL2014:13:14:10,98,12.49,ES0158252033,10442103892,10442103885,B433077165,C9324721
01JUL2014:13:14:10,175,12.49,ES0158252033,10442103892,10442103887,A128271,C9324721
01JUL2014:13:14:13,77,12.5,ES0158252033,10442103893,10442103850,B11293128,A128271
01JUL2014:13:14:24,50,12.5,ES0158252033,10442103897,10442103850,B11293128,A128271
01JUL2014:13:14:36,100,12.49,ES0158252033,10442103901,10442111899,A8605026,C156520
01JUL2014:13:14:45,88,12.54,ES0158252033,10442103909,10442111900,A128271,B429816540
01JUL2014:13:14:57,125,12.69,ES0158252033,10442103926,10442103874,A8982441,B429816540
01JUL2014:13:15:01,175,12.69,ES0158252033,10442103931,10442103874,A8982441,C424759231
01JUL2014:13:15:32,40,12.71,ES0158252033,10442111909,10442103951,B128778,A11288376
01JUL2014:13:15:33,162,12.9,ES0158252033,10442103952,10442103934,A8982441,C156520
01JUL2014:13:15:45,50,12.9,ES0158252033,10442103958,10442103934,A8982441,A128271
01JUL2014:13:15:48,50,12.9,ES0158252033,10442103960,10442103953,B433077165,A2007006
01JUL2014:13:15:57,150,12.9,ES0158252033,10442103970,10442103962,A95703,C11084986
01JUL2014:13:16:09,200,12.9,ES0158252033,10442103977,10442103962,A95703,B8734110
01JUL2014:13:16:16,12,13.21,ES0158252033,10442103231,10442111908,A11288376,B124251
01JUL2014:13:16:16,56,13,ES0158252033,10442103231,10442103799,B144453,B124251
01JUL2014:13:16:32,100,13.18,ES0158252033,10442103994,10442103985,A8982441,C9324721
01JUL2014:13:16:32,200,13.15,ES0158252033,10442103994,10442103992,B433077165,C9324721
01JUL2014:13:16:35,45,13.18,ES0158252033,10442103998,10442103985,A8982441,B11293128
01JUL2014:13:16:37,5,13.18,ES0158252033,10442104000,10442103985,A8982441,C424759231
01JUL2014:13:16:42,140,13.13,ES0158252033,10442104008,10442104003,C1840321,B8734110
01JUL2014:13:16:54,153,13.03,ES0158252033,10442104021,10442111919,A11288376,B11293128
01JUL2014:13:17:18,97,12.99,ES0158252033,10442104033,10442111919,A11288376,B124251
01JUL2014:13:17:19,200,12.95,ES0158252033,10442104032,10442104034,B433077165,C11084986
01JUL2014:13:17:41,100,13.13,ES0158252033,10442104049,10442104003,C1840321,B128778
01JUL2014:13:17:42,40,13.13,ES0158252033,10442104050,10442104003,C1840321,B429816540
01JUL2014:13:17:44,13,13,ES0158252033,10442104044,10442104051,A95703,B128778
01JUL2014:13:17:54,59,13,ES0158252033,10442104068,10442104065,A128271,A128271
01JUL2014:13:17:54,100,13,ES0158252033,10442104067,10442104051,A95703,C424759231
01JUL2014:13:17:54,200,13,ES0158252033,10442104066,10442104051,A95703,B433077165
01JUL2014:13:17:55,50,13,ES0158252033,10442111925,10442104051,A95703,B429816540
01JUL2014:13:18:00,3,13,ES0158252033,10442104072,10442104065,A128271,A11288376
01JUL2014:13:18:01,36,13.13,ES0158252033,10442104075,10442104003,C1840321,C8329321
01JUL2014:13:18:15,105,13.1,ES0158252033,10442104082,10442104077,A8982441,C8329321
01JUL2014:13:18:34,110,13.13,ES0158252033,10442104089,10442104003,C1840321,B433077165
01JUL2014:13:18:34,140,13.13,ES0158252033,10442104089,10442104003,C1840321,B433077165
01JUL2014:13:18:36,10,13.13,ES0158252033,10442104090,10442104003,C1840321,A11288376
01JUL2014:13:19:01,20,13.32,ES0158252033,10442104112,10442104105,B429816540,C156520
01JUL2014:13:19:47,38,13.11,ES0158252033,10442104100,10442104126,B433077165,C8329321
01JUL2014:13:19:48,65,13.18,ES0158252033,10442104127,10442104125,C9691003,B128778
01JUL2014:13:19:51,140,13.1,ES0158252033,10442104083,10442111933,A8605026,B128778
01JUL2014:13:20:08,120,13.18,ES0158252033,10442104135,10442104125,C9691003,C9324721
01JUL2014:13:20:19,92,13.17,ES0158252033,10442104139,10442111940,A11288376,C156520
01JUL2014:13:20:37,98,13.18,ES0158252033,10442104142,10442104125,C9691003,B133386
01JUL2014:13:20:37,100,13.24,ES0158252033,10442104142,10442111938,A8605026,B133386
01JUL2014:13:20:46,140,13.32,ES0158252033,10442104145,10442104110,A8982441,B433077165
01JUL2014:13:20:46,160,13.32,ES0158252033,10442104145,10442104110,A8982441,B433077165
01JUL2014:13:20:46,200,13.3,ES0158252033,10442104145,10442104121,B128778,B433077165
01JUL2014:13:21:05,140,13.32,ES0158252033,10442104149,10442104110,A8982441,B124251
01JUL2014:13:21:26,140,13.43,ES0158252033,10442104155,10442104132,C1840321,B128778
01JUL2014:13:21:28,100,13.26,ES0158252033,10442111945,10442104156,C747253,A8605026
01JUL2014:13:21:44,53,13.43,ES0158252033,10442104166,10442104163,A2007006,B144453
01JUL2014:13:21:46,134,13.5,ES0158252033,10442104167,10442103138,B1139295,B144453
01JUL2014:13:21:49,166,13.4,ES0158252033,10442104174,10442104172,C747253,B429816540
01JUL2014:13:21:50,166,13.5,ES0158252033,10442104176,10442103138,B1139295,B429816540
01JUL2014:13:21:52,200,13.6,ES0158252033,10442104177,10442104095,C11084986,B144453
01JUL2014:13:21:56,100,13.79,ES0158252033,10442104185,10442104183,A8605026,B144453
01JUL2014:13:21:56,200,13.79,ES0158252033,10442104185,10442104183,A8605026,B144453
01JUL2014:13:22:04,70,13.77,ES0158252033,10442104197,10442111955,A8605026,A2007006
01JUL2014:13:22:21,50,13.71,ES0158252033,10442104207,10442111961,A8605026,C8329321
01JUL2014:13:22:36,66,13.69,ES0158252033,10442104213,10442111968,B429816540,B144453
01JUL2014:13:22:36,80,13.81,ES0158252033,10442104213,10442111950,A8605026,B144453
01JUL2014:13:22:36,150,13.69,ES0158252033,10442104213,10442111960,B429816540,B144453
01JUL2014:13:22:36,160,13.79,ES0158252033,10442104213,10442104212,A8605026,B144453
01JUL2014:13:22:46,16,13.8,ES0158252033,10442104223,10442111963,B429816540,B128778
01JUL2014:13:22:46,34,13.8,ES0158252033,10442104223,10442111963,B429816540,B128778
01JUL2014:13:22:55,10,13.76,ES0158252033,10442104229,10442111973,A8605026,B128778
01JUL2014:13:22:55,50,13.71,ES0158252033,10442104229,10442111976,B429816540,B128778
01JUL2014:13:23:01,30,13.77,ES0158252033,10442104231,10442111895,A128271,B128778
01JUL2014:13:23:10,100,13.78,ES0158252033,10442104234,10442104232,C1840321,C11084986
01JUL2014:13:23:13,120,13.71,ES0158252033,10442104237,10442111977,B433077165,C8329321
01JUL2014:13:23:13,180,13.56,ES0158252033,10442104233,10442111977,B433077165,B429816540
01JUL2014:13:23:22,150,13.79,ES0158252033,10442104240,10442104227,B433077165,C9324721
01JUL2014:13:23:25,50,13.79,ES0158252033,10442104242,10442104227,B433077165,B128778
01JUL2014:13:23:36,175,13.6,ES0158252033,10442111982,10442104251,B433077165,B429816540
01JUL2014:13:23:41,145,13.8,ES0158252033,10442104254,10442104225,A128271,A2007006
01JUL2014:13:23:49,25,13.77,ES0158252033,10442104257,10442104258,B429816540,C8329321
01JUL2014:13:23:50,55,13.8,ES0158252033,10442104259,10442104247,A95703,C11084986
01JUL2014:13:24:03,145,13.89,ES0158252033,10442104273,10442103591,C1840321,B8734110
01JUL2014:13:24:31,17,14,ES0158252033,10442104292,10442104294,B128778,B128778
01JUL2014:13:24:31,100,13.92,ES0158252033,10442104289,10442104294,B128778,C439398190
01JUL2014:13:24:39,16,13.82,ES0158252033,10442104299,10442104302,A128271,C9943570
01JUL2014:13:24:39,200,14.15,ES0158252033,10442104300,10442111989,B429816540,B8734110
01JUL2014:13:24:48,150,14.14,ES0158252033,10442104310,10442111983,A128271,C9324721
01JUL2014:13:24:48,170,14.14,ES0158252033,10442104310,10442104307,A11288376,C9324721
01JUL2014:13:24:49,38,14.15,ES0158252033,10442104312,10442104298,A8605026,C156520
01JUL2014:13:24:49,100,14.15,ES0158252033,10442104312,10442104298,A8605026,C156520
01JUL2014:13:41:49,5,34.3,CH0008853209,10373471498,10442101328,B124251,A170820
01JUL2014:13:42:00,8,14.9,ES0158252033,10442104478,10442104365,B144453,B128778
01JUL2014:13:42:00,11,14.9,ES0158252033,10442104393,10442104119,A128271,B128778
01JUL2014:13:42:00,13,14.9,ES0158252033,10442104460,10442104365,B144453,A2007006
01JUL2014:13:42:00,20,14.9,ES0158252033,10442104476,10442104119,A128271,C1840321
01JUL2014:13:42:00,24,14.9,ES0158252033,10442104389,10442111994,B429816540,C8329321
01JUL2014:13:42:00,32,14.9,ES0158252033,10442104479,10442104338,A128271,C9324721
01JUL2014:13:42:00,35,14.9,ES0158252033,10442104333,10442111998,B433077165,C8329321
01JUL2014:13:42:00,38,14.9,ES0158252033,10442104332,10442111998,B433077165,C8329321
01JUL2014:13:42:00,51,14.9,ES0158252033,10442104439,10442104326,A128271,C11084986
01JUL2014:13:42:00,60,14.9,ES0158252033,10442104412,10442111996,A95703,C156520
01JUL2014:13:42:00,65,14.9,ES0158252033,10442104441,10442104485,B128778,B128778
01JUL2014:13:42:00,65,14.9,ES0158252033,10442104474,10442103583,B128778,B128778
01JUL2014:13:42:00,70,14.9,ES0158252033,10442104374,10442104485,B128778,B128778
01JUL2014:13:42:00,71,14.9,ES0158252033,10442104376,10442104491,A203841,C8329321
01JUL2014:13:42:00,79,14.9,ES0158252033,10442104376,10442111964,A128271,C8329321
01JUL2014:13:42:00,81,14.9,ES0158252033,10442104467,10442104488,C424759231,B8734110
01JUL2014:13:42:00,89,14.9,ES0158252033,10442104439,10442104119,A128271,C11084986
01JUL2014:13:42:00,90,14.9,ES0158252033,10442104464,10442103634,B128778,B128778
01JUL2014:13:42:00,100,14.9,ES0158252033,10442104409,10442111996,A95703,C8329321
01JUL2014:13:42:00,112,14.9,ES0158252033,10442104312,10442104410,C156520,C156520
01JUL2014:13:42:00,138,14.9,ES0158252033,10442104325,10442104410,C156520,C156520
01JUL2014:13:42:00,200,14.9,ES0158252033,10442104493,10442104338,A128271,C156520
01JUL2014:13:42:10,95,14.9,ES0158252033,10442104499,10442112000,B429816540,C11084986
01JUL2014:13:42:14,42,14.9,ES0158252033,10442104502,10442104500,A128271,C156520
01JUL2014:13:42:29,93,14.9,ES0158252033,10442104507,10442112000,B429816540,B128778
01JUL2014:13:42:41,117,14.9,ES0158252033,10442104509,10442112000,B429816540,B8734110
01JUL2014:13:42:48,100,14.55,ES0158252033,10442104511,10442104513,C8390656,A8605026
01JUL2014:13:42:48,135,14.65,ES0158252033,10442104477,10442104513,C8390656,C8329321
01JUL2014:13:42:48,194,14.5,ES0158252033,10442104317,10442104513,C8390656,C1840321
01JUL2014:13:42:52,40,14.65,ES0158252033,10442104514,10442104516,B433077165,B429816540
01JUL2014:13:42:52,100,14.8,ES0158252033,10442104518,10442104512,B433077165,B8734110
01JUL2014:13:42:56,12,14.74,ES0158252033,10442104521,10442112007,A11288376,C9324721
01JUL2014:13:42:56,18,14.51,ES0158252033,10442104520,10442104522,A11288376,C9943570
01JUL2014:13:42:56,35,14.5,ES0158252033,10442104443,10442104522,A11288376,C8329321
01JUL2014:13:42:56,100,14.5,ES0158252033,10442104346,10442104522,A11288376,C9324721
01JUL2014:13:42:56,182,14.5,ES0158252033,10442104480,10442104522,A11288376,B128778
01JUL2014:13:42:56,200,14.5,ES0158252033,10442104396,10442104522,A11288376,C9324721
01JUL2014:13:42:57,30,14.25,ES0158252033,10442104335,10442104524,B144453,B128778
01JUL2014:13:42:57,45,14.4,ES0158252033,10442104418,10442104524,B144453,C8329321
01JUL2014:13:42:57,50,14.3,ES0158252033,10442104454,10442104524,B144453,B8734110
01JUL2014:13:42:57,70,14.2,ES0158252033,10442104431,10442104524,B144453,B124251
01JUL2014:13:42:57,150,14.17,ES0158252033,10442104369,10442104524,B144453,B8734110
01JUL2014:13:43:12,135,14.49,ES0158252033,10442104533,10442104528,B429816540,B8734110
01JUL2014:13:44:00,75,14.69,ES0158252033,10442104554,10442112009,B429816540,B128778
01JUL2014:13:44:02,125,14.69,ES0158252033,10442104555,10442112009,B429816540,C424759231
01JUL2014:13:44:47,101,14.51,ES0158252033,10442104557,10442104573,C9324721,C11084986
01JUL2014:13:44:50,19,14.51,ES0158252033,10442104557,10442104575,A11288376,C11084986
01JUL2014:13:44:50,186,14.5,ES0158252033,10442104550,10442104575,A11288376,C156520
01JUL2014:13:44:53,200,14.3,ES0158252033,10442104526,10442104576,B144453,C8329321
01JUL2014:13:44:57,51,14.25,ES0158252033,10442104546,10442104579,B144453,B128778
01JUL2014:13:44:57,171,14.23,ES0158252033,10442112022,10442104579,B144453,A11288376
01JUL2014:13:45:09,49,14.21,ES0158252033,10442104570,10442104586,B144453,B128778
01JUL2014:13:45:13,50,14.1,ES0158252033,10442104463,10442112004,A8605026,B128778
01JUL2014:13:45:13,200,14,ES0158252033,10442104319,10442112004,A8605026,C9324721
01JUL2014:13:45:19,84,13.76,ES0158252033,10442104303,10442104591,B11293128,C11084986
01JUL2014:13:45:29,100,14,ES0158252033,10442104597,10442104593,B128778,A128271
01JUL2014:13:45:32,16,14,ES0158252033,10442104598,10442104593,B128778,A11288376
01JUL2014:13:45:35,88,14.07,ES0158252033,10442104599,10442112030,A11288376,A128271
01JUL2014:13:45:38,10,14.05,ES0158252033,10442104601,10442112034,A11288376,A128271
01JUL2014:13:45:45,12,14.03,ES0158252033,10442104603,10442112030,A11288376,B128778
01JUL2014:13:45:51,25,14.03,ES0158252033,10442104608,10442112042,A11288376,B433077165
01JUL2014:13:45:53,1,14.02,ES0158252033,10442104598,10442104611,A95703,A11288376
01JUL2014:13:45:58,116,13.76,ES0158252033,10442104303,10442112031,A8605026,C11084986
01JUL2014:13:46:06,100,13.6,ES0158252033,10442112045,10442104614,A128271,B433077165
01JUL2014:13:46:12,20,13.5,ES0158252033,10442104607,10442104618,C439398190,B128778
01JUL2014:13:46:12,30,13.5,ES0158252033,10442104228,10442104618,C439398190,B128778
01JUL2014:13:46:17,100,13.43,ES0158252033,10442112037,10442104624,B144453,B429816540
01JUL2014:13:46:17,150,13.35,ES0158252033,10442112035,10442104624,B144453,B429816540
01JUL2014:13:46:30,40,13.36,ES0158252033,10442111970,10442104629,B144453,A11288376
01JUL2014:13:46:30,160,13.5,ES0158252033,10442104627,10442104629,B144453,B433077165
01JUL2014:13:46:34,45,13.67,ES0158252033,10442104632,10442104626,B429816540,A2007006
01JUL2014:13:47:19,50,13.51,ES0158252033,10442104644,10442112048,A8605026,C424759231
01JUL2014:13:47:19,75,13.51,ES0158252033,10442104648,10442112048,A8605026,C439398190
01JUL2014:13:47:22,72,13.35,ES0158252033,10442104631,10442104650,C9324721,C424759231
01JUL2014:13:47:40,12,13.46,ES0158252033,10442104664,10442112069,A11288376,B128778
01JUL2014:13:47:40,138,13.46,ES0158252033,10442104664,10442112069,A11288376,B128778
01JUL2014:13:47:58,50,13.44,ES0158252033,10442104676,10442112067,C439398190,C11084986
01JUL2014:13:47:58,200,13.44,ES0158252033,10442104676,10442112072,A11288376,C11084986
01JUL2014:13:48:28,123,13.51,ES0158252033,10442104686,10442112077,A11288376,A128271
01JUL2014:13:48:37,11,13.33,ES0158252033,10442104689,10442112082,A8605026,B128778
01JUL2014:13:48:37,87,13.36,ES0158252033,10442104693,10442112082,A8605026,A11174628
01JUL2014:13:48:37,100,13.36,ES0158252033,10442112081,10442112082,A8605026,A8605026
01JUL2014:13:48:37,100,13.31,ES0158252033,10442104688,10442112082,A8605026,B429816540
01JUL2014:13:48:37,177,13.39,ES0158252033,10442112079,10442112082,A8605026,A11288376
01JUL2014:13:48:48,100,13.45,ES0158252033,10442104703,10442112087,A11288376,C8329321
01JUL2014:13:48:57,25,13.51,ES0158252033,10442104712,10442112077,A11288376,C424759231
01JUL2014:13:48:57,59,13.73,ES0158252033,10442104712,10442112075,B429816540,C424759231
01JUL2014:13:48:57,63,13.26,ES0158252033,10442104680,10442104715,B8734110,B124251
01JUL2014:13:48:57,98,13.45,ES0158252033,10442104712,10442112087,A11288376,C424759231
01JUL2014:13:48:57,100,13.53,ES0158252033,10442104712,10442112088,B429816540,C424759231
01JUL2014:13:48:57,188,13.61,ES0158252033,10442104712,10442112069,A11288376,C424759231
01JUL2014:13:49:01,9,13.64,ES0158252033,10442104719,10442112090,A11174628,C8329321
01JUL2014:13:49:01,18,13.33,ES0158252033,10442112094,10442104720,B124251,B429816540
01JUL2014:13:49:30,14,13.46,ES0158252033,10442104734,10442104727,A11288376,C424759231
01JUL2014:13:49:30,55,13.59,ES0158252033,10442104734,10442112090,A11174628,C424759231
01JUL2014:13:49:30,93,13.46,ES0158252033,10442104734,10442112099,A2007006,C424759231
01JUL2014:13:49:44,12,13.45,ES0158252033,10442112097,10442104737,A8982441,A11288376
01JUL2014:13:49:44,50,13.32,ES0158252033,10442104729,10442104743,A8982441,C156520
01JUL2014:13:49:44,150,13.35,ES0158252033,10442104723,10442104742,A8982441,C156520
01JUL2014:13:49:50,200,13.32,ES0158252033,10442104746,10442104744,A8982441,C156520
01JUL2014:13:49:51,4,13.3,ES0158252033,10442104730,10442112065,A8605026,C8329321
01JUL2014:13:49:51,51,13.26,ES0158252033,10442104681,10442104747,B429816540,C156520
01JUL2014:13:49:52,37,13.1,ES0158252033,10442104158,10442104753,A128271,C424759231
01JUL2014:13:49:55,10,13,ES0158252033,10442104671,10442104759,A8982441,B128778
01JUL2014:13:49:55,100,13,ES0158252033,10442104633,10442104759,A8982441,C9324721
01JUL2014:13:50:02,60,12.95,ES0158252033,10442104457,10442112106,A8605026,B8734110
01JUL2014:13:50:02,140,12.98,ES0158252033,10442104092,10442112106,A8605026,B8734110
01JUL2014:13:50:02,152,12.95,ES0158252033,10442104039,10442112106,A8605026,C156520
01JUL2014:14:32:00,3,10.01,ES0158252033,10442105005,10442103463,B128778,C424759231
01JUL2014:14:32:00,4,10.29,ES0158252033,10442104910,10442104856,B128778,B128778
01JUL2014:14:32:00,7,10.29,ES0158252033,10442105068,10442105118,B128778,B128778
01JUL2014:14:32:00,10,10.29,ES0158252033,10442104933,10442104856,B128778,B128778
01JUL2014:14:32:00,11,9.87,ES0158252033,10442105074,10442105159,B144453,B128778
01JUL2014:14:32:00,12,10.29,ES0158252033,10442104130,10442105139,A203841,C9324721
01JUL2014:14:32:00,14,10.29,ES0158252033,10442104894,10442104973,C8329321,C8329321
01JUL2014:14:32:00,19,10.29,ES0158252033,10442105036,10442105148,A8605026,B128778
01JUL2014:14:32:00,20,10.29,ES0158252033,10442103721,10442105079,A125250,C156520
01JUL2014:14:32:00,20,10.01,ES0158252033,10442105129,9703589199,C8329321,C156520
01JUL2014:14:32:00,30,10.29,ES0158252033,10442104817,10442104931,A2007006,B124251
01JUL2014:14:32:00,30,10.29,ES0158252033,10442102986,10442105148,A8605026,C9324721
01JUL2014:14:32:00,33,10.29,ES0158252033,10442103458,10442112165,A11288376,B124251
01JUL2014:14:32:00,35,10.29,ES0158252033,10442105087,10442105079,A125250,C156520
01JUL2014:14:32:00,40,10.29,ES0158252033,10442104817,10442104977,C9324721,B124251
01JUL2014:14:32:00,43,10.01,ES0158252033,10442105129,10442105159,B144453,C156520
01JUL2014:14:32:00,50,10.2,ES0158252033,10442104861,10442103984,B124251,B128778
01JUL2014:14:32:00,50,10.29,ES0158252033,10442103875,10442105079,A125250,B228150
01JUL2014:14:32:00,50,10.29,ES0158252033,10442104403,10442112115,A8605026,B128778
01JUL2014:14:32:00,50,10.29,ES0158252033,10442103436,10442112118,B433077165,B8734110
01JUL2014:14:32:00,60,10.29,ES0158252033,10442103549,10442105136,A8605026,B128778
01JUL2014:14:32:00,64,10.29,ES0158252033,10442105060,10442104856,B128778,B128778
01JUL2014:14:32:00,68,10.29,ES0158252033,10442104806,10442104834,B128778,B128778
01JUL2014:14:32:00,68,10.29,ES0158252033,10442103461,10442112115,A8605026,C424759231
01JUL2014:14:32:00,75,10.29,ES0158252033,10442105061,10442105079,A125250,B128778
01JUL2014:14:32:00,80,10.29,ES0158252033,10442105013,10442105079,A125250,B124251
01JUL2014:14:32:00,82,10.29,ES0158252033,10442104889,10442105079,A125250,C8329321
01JUL2014:14:32:00,93,10.29,ES0158252033,10442104991,10442112115,A8605026,B128778
01JUL2014:14:32:00,100,10.05,ES0158252033,10442105116,10442104864,B124251,A163878
01JUL2014:14:32:00,100,10.25,ES0158252033,10442104946,10442103984,B124251,B8734110
01JUL2014:14:32:00,100,10.29,ES0158252033,10442103935,10442105079,A125250,C9324721
01JUL2014:14:32:00,100,10.29,ES0158252033,10442104972,10442105079,A125250,C11084986
01JUL2014:14:32:00,100,10.29,ES0158252033,10442105143,10442105079,A125250,B429816540
01JUL2014:14:32:00,100,10.01,ES0158252033,10442105097,10442103463,B128778,B128778
01JUL2014:14:32:00,100,10.29,ES0158252033,10442103386,10442112111,A8605026,C424759231
01JUL2014:14:32:00,100,10.29,ES0158252033,10442103418,10442105101,B11293128,B8734110
01JUL2014:14:32:00,103,10.29,ES0158252033,10442104817,10442105004,C9324721,B124251
01JUL2014:14:32:00,120,10.29,ES0158252033,10442104882,10442105101,B11293128,C156520
01JUL2014:14:32:00,127,10.29,ES0158252033,10442104827,10442105004,C9324721,B8734110
01JUL2014:14:32:00,136,10.29,ES0158252033,10442105060,10442105118,B128778,B128778
01JUL2014:14:32:00,140,10.29,ES0158252033,10442105066,10442105079,A125250,B8734110
01JUL2014:14:32:00,150,10.29,ES0158252033,10442104919,10442105079,A125250,B8734110
01JUL2014:14:32:00,150,10.29,ES0158252033,10442104809,10442104907,A128271,A2007006
01JUL2014:14:32:00,150,10.29,ES0158252033,10442103377,10442112115,A8605026,C8329321
01JUL2014:14:32:00,154,10.29,ES0158252033,10442104863,10442105101,B11293128,C8329321
01JUL2014:14:32:00,160,10.29,ES0158252033,10442105141,10442105148,A8605026,B128778
01JUL2014:14:32:00,167,10.29,ES0158252033,10442103503,10442112165,A11288376,B124251
01JUL2014:14:32:00,200,10.29,ES0158252033,10442104831,10442105079,A125250,C156520
01JUL2014:14:32:00,200,10.29,ES0158252033,10442105137,10442105079,A125250,A2007006
01JUL2014:14:32:00,200,10,ES0158252033,10442103394,10442105159,B144453,C11084986
01JUL2014:14:32:00,200,10.29,ES0158252033,10442103470,10442105136,A8605026,B8734110
01JUL2014:14:32:00,200,10.29,ES0158252033,10442104863,10442105093,B8734110,C8329321
01JUL2014:14:32:09,109,9.82,ES0158252033,10442103367,10442105173,B144453,C9324721
01JUL2014:14:32:16,200,9.51,ES0158252033,10442105172,10442105179,A8982441,B429816540
01JUL2014:14:37:00,50,9.45,ES0158252033,10442105207,10442105218,B11293128,C8329321
01JUL2014:14:37:00,60,9.45,ES0158252033,10442105224,10442105218,B11293128,C9324721
01JUL2014:14:37:00,61,9.45,ES0158252033,10442105211,10442112169,B433077165,B124251
01JUL2014:14:37:00,70,9.45,ES0158252033,10442112168,10442105227,C9324721,B429816540
01JUL2014:14:37:00,80,9.45,ES0158252033,10442105235,10442105227,C9324721,B128778
01JUL2014:14:37:00,111,9.45,ES0158252033,10442105214,10442105255,A2007006,A2007006
01JUL2014:14:37:00,120,9.45,ES0158252033,10442105239,10442112169,B433077165,A2007006
01JUL2014:14:37:00,130,9.45,ES0158252033,10442105219,10442105218,B11293128,B128778
01JUL2014:14:37:06,41,9.41,ES0158252033,10442105210,10442105278,B429816540,B128778
01JUL2014:14:42:00,3,9.01,ES0158252033,10442105331,10442105339,A2007006,C424759231
01JUL2014:14:42:00,18,9.01,ES0158252033,10442105269,10442105342,B11293128,B433077165
01JUL2014:14:42:00,35,9.01,ES0158252033,10442105321,10442105342,B11293128,C424759231
01JUL2014:14:42:00,46,9.01,ES0158252033,10442105337,10442112185,A8605026,B128778
01JUL2014:14:42:00,50,9.01,ES0158252033,10442105360,10442105320,B124251,B128778
01JUL2014:14:42:00,50,9.01,ES0158252033,10442105346,10442105344,A8605026,B128778
01JUL2014:14:42:00,50,9.01,ES0158252033,10442105328,10442105342,B11293128,A2007006
01JUL2014:14:42:00,51,9.01,ES0158252033,10442105360,10442105342,B11293128,B128778
01JUL2014:14:42:00,100,9.01,ES0158252033,10442105297,10442105342,B11293128,C8329321
01JUL2014:14:42:00,149,9.01,ES0158252033,10442105332,10442105308,C9324721,C156520
01JUL2014:14:42:00,150,9.01,ES0158252033,10442105324,10442105342,B11293128,B8734110
01JUL2014:14:42:00,150,9.01,ES0158252033,10442105269,10442105362,B429816540,B433077165
01JUL2014:14:42:02,15,9,ES0158252033,10442105030,10442105369,B11293128,B128778
01JUL2014:14:42:02,23,8.8,ES0158252033,10442105343,10442105369,B11293128,C8329321
01JUL2014:14:42:02,100,8.77,ES0158252033,10442112188,10442105369,B11293128,B429816540
01JUL2014:14:42:02,190,8.71,ES0158252033,10442105127,10442105369,B11293128,C156520
01JUL2014:14:42:02,200,8.8,ES0158252033,10442105352,10442105369,B11293128,B128778
01JUL2014:14:44:02,30,8.71,ES0158252033,10442105382,10442105375,B128778,B128778
01JUL2014:14:44:02,32,8.71,ES0158252033,10442105378,10442105369,B11293128,C156520
01JUL2014:14:44:02,35,8.71,ES0158252033,10442105400,10442105383,B128778,C156520
01JUL2014:14:44:02,50,8.71,ES0158252033,10442105376,10442105375,B128778,A203841
01JUL2014:14:44:02,54,8.71,ES0158252033,10442105379,10442105375,B128778,C11084986
01JUL2014:14:44:02,100,8.71,ES0158252033,10442112189,10442105375,B128778,B429816540
01JUL2014:14:44:16,100,8.77,ES0158252033,10442105413,10442112201,A8605026,B429816540
01JUL2014:14:44:18,45,8.77,ES0158252033,10442105414,10442112166,A2007006,B128778
01JUL2014:14:44:22,51,8.99,ES0158252033,10442105420,10442105406,A2007006,C156520
01JUL2014:14:44:22,60,8.98,ES0158252033,10442105420,10442105419,B206403,C156520
01JUL2014:14:44:22,62,8.99,ES0158252033,10442105420,10442105406,A2007006,C156520
01JUL2014:14:44:32,9,8.98,ES0158252033,10442105428,10442105421,A2007006,C11084986
01JUL2014:14:44:32,54,8.98,ES0158252033,10442105430,10442105429,A2007006,C156520
01JUL2014:14:44:37,17,8.98,ES0158252033,10442105433,10442105429,A2007006,B429816540
01JUL2014:14:44:38,42,9.04,ES0158252033,10442105435,10442112186,A8605026,C8329321
01JUL2014:14:44:38,100,9.04,ES0158252033,10442105422,10442112186,A8605026,B128778
01JUL2014:14:44:38,100,9.04,ES0158252033,10442105438,10442112186,A8605026,B429816540
01JUL2014:14:44:39,21,8.81,ES0158252033,10442105436,10442105440,A95703,A11288376
01JUL2014:14:44:39,85,8.81,ES0158252033,10442105437,10442105440,A95703,A8982441
01JUL2014:14:44:44,50,8.8,ES0158252033,10442105447,10442105440,A95703,C439398190
01JUL2014:14:44:44,100,8.8,ES0158252033,10442105447,10442105440,A95703,C439398190
01JUL2014:14:44:47,110,8.8,ES0158252033,10442105448,10442105440,A95703,C424759231
01JUL2014:14:44:52,4,8.72,ES0158252033,10442105432,10442105452,B8734110,B405882786
01JUL2014:14:44:52,25,8.76,ES0158252033,10442105423,10442105452,B8734110,B429816540
01JUL2014:14:44:52,150,8.8,ES0158252033,10442105451,10442105440,A95703,B128778
01JUL2014:14:44:55,165,8.8,ES0158252033,10442105458,10442105440,A95703,C439398190
01JUL2014:14:44:56,185,8.8,ES0158252033,10442105459,10442105440,A95703,B8734110
01JUL2014:14:45:07,140,8.8,ES0158252033,10442105465,10442105440,A95703,B429816540
01JUL2014:14:45:08,100,9.04,ES0158252033,10442105468,10442112186,A8605026,C9324721
01JUL2014:14:45:14,150,9.04,ES0158252033,10442105478,10442112186,A8605026,B429816540
01JUL2014:14:45:15,10,9.04,ES0158252033,10442105482,10442112186,A8605026,B429816540
01JUL2014:14:45:15,90,9.04,ES0158252033,10442105481,10442112186,A8605026,B429816540
01JUL2014:14:45:18,100,9.04,ES0158252033,10442105485,10442112186,A8605026,B433077165
01JUL2014:14:45:51,130,8.79,ES0158252033,10442105507,10442112232,B429816540,C156520
01JUL2014:14:45:53,110,8.78,ES0158252033,10442105509,10442112232,B429816540,B124251
01JUL2014:14:45:57,10,8.78,ES0158252033,10442105511,10442112233,B405882786,C8329321
01JUL2014:14:46:06,122,8.91,ES0158252033,10442105518,10442112229,B429816540,C424759231
01JUL2014:14:46:08,9,8.91,ES0158252033,10442105520,10442112229,B429816540,C424759231
01JUL2014:14:46:13,15,8.99,ES0158252033,10442105528,10442105497,B433077165,B128778
01JUL2014:14:46:20,13,9.31,ES0158252033,10442105540,10442112236,B405882786,C8390656
01JUL2014:14:46:20,99,9.48,ES0158252033,10442105540,10442105381,B128778,C8390656
01JUL2014:14:46:20,100,9.45,ES0158252033,10442105540,10442105453,B429816540,C8390656
01JUL2014:14:46:20,120,9.35,ES0158252033,10442105540,10442105537,A128271,C8390656
01JUL2014:14:48:20,1,9.2,ES0158252033,10442105570,10442105596,B405882786,C424759231
01JUL2014:14:48:20,20,9.2,ES0158252033,10442105571,10442105548,C9324721,C9324721
01JUL2014:14:48:20,30,9.2,ES0158252033,10442105577,10442105548,C9324721,C8329321
01JUL2014:14:48:20,33,9.2,ES0158252033,10442105591,10442105552,B240471,C8329321
01JUL2014:14:48:20,70,9.2,ES0158252033,10442105558,10442105565,B128778,B128778
01JUL2014:14:48:20,200,9.2,ES0158252033,10442105580,10442112246,A8605026,C9324721
01JUL2014:14:48:31,90,9,ES0158252033,10442105605,10442112119,A8605026,A8982441
01JUL2014:14:48:36,23,8.81,ES0158252033,10442105608,10442112107,A8605026,B405882786
01JUL2014:14:48:36,27,8.98,ES0158252033,10442105619,10442105617,B429816540,B429816540
01JUL2014:14:48:36,120,8.86,ES0158252033,10442105610,10442112107,A8605026,A128271
01JUL2014:14:48:36,133,8.81,ES0158252033,10442105608,10442112107,A8605026,B405882786
01JUL2014:14:48:44,150,8.82,ES0158252033,10442105631,10442112250,A8605026,B429816540
01JUL2014:14:48:44,185,8.8,ES0158252033,10442105575,10442112250,A8605026,C156520
01JUL2014:14:48:48,156,8.8,ES0158252033,10442105587,10442105640,B405882786,C424759231
01JUL2014:14:48:49,113,8.8,ES0158252033,10442105604,10442105641,B155961,C424759231
01JUL2014:14:48:49,175,8.8,ES0158252033,10442105637,10442105641,B155961,B128778
01JUL2014:14:48:50,80,8.7,ES0158252033,10442105519,10442105642,B429816540,B128778
01JUL2014:14:48:50,100,8.7,ES0158252033,10442105553,10442105642,B429816540,C424759231
01JUL2014:14:49:11,58,8.97,ES0158252033,10442105657,10442112248,A128271,C156520
01JUL2014:14:49:12,100,8.83,ES0158252033,10442112258,10442105658,C11084986,A11288376
01JUL2014:14:49:16,105,9,ES0158252033,10442105659,10442105662,B155961,B429816540
01JUL2014:14:49:50,100,8.89,ES0158252033,10442105688,10442112264,B429816540,C11084986
01JUL2014:14:50:00,50,8.77,ES0158252033,10442105679,10442105693,A2007006,C424759231
01JUL2014:14:50:01,79,8.75,ES0158252033,10442105671,10442105695,C439398190,B128778
01JUL2014:14:50:01,148,8.75,ES0158252033,10442105689,10442105695,C439398190,C156520
01JUL2014:14:50:08,48,8.88,ES0158252033,10442105700,10442112267,A128271,B429816540
01JUL2014:14:50:30,50,8.86,ES0158252033,10442105701,10442105711,B8734110,B128778
01JUL2014:14:50:30,56,8.76,ES0158252033,10442105696,10442105711,B8734110,A128271
01JUL2014:14:50:30,94,8.86,ES0158252033,10442105708,10442105711,B8734110,A8982441
01JUL2014:14:50:35,120,8.67,ES0158252033,10442105512,10442105712,B228150,C9324721
01JUL2014:14:50:35,150,8.71,ES0158252033,10442105707,10442105712,B228150,A11288376
01JUL2014:14:50:48,100,8.8,ES0158252033,10442105720,10442112270,A2007006,A2007006
01JUL2014:14:51:03,150,8.61,ES0158252033,10442105716,10442105728,C9324721,B128778
01JUL2014:14:51:24,100,8.88,ES0158252033,10442105741,10442112266,A8605026,C156520
01JUL2014:14:51:24,189,8.89,ES0158252033,10442105741,10442112270,A2007006,C156520
01JUL2014:14:51:28,72,8.87,ES0158252033,10442105743,10442112269,A128271,B429816540
01JUL2014:14:51:37,86,8.89,ES0158252033,10442105745,10442112270,A2007006,C424759231
01JUL2014:14:51:38,52,8.81,ES0158252033,10442112279,10442105746,C11084986,B429816540
01JUL2014:14:51:41,61,8.97,ES0158252033,10442105748,10442105740,B405882786,C11084986
01JUL2014:14:51:51,38,9.15,ES0158252033,10442105764,10442105648,B433077165,C8329321
01JUL2014:14:52:03,200,9,ES0158252033,10442105760,10442105772,A2007006,B128778
01JUL2014:14:52:05,100,9.2,ES0158252033,10442105777,10442112246,A8605026,B11293128
01JUL2014:14:52:14,20,9.24,ES0158252033,10442105790,10442105783,B206403,C439398190
01JUL2014:14:52:18,50,9.25,ES0158252033,10442105792,10442105556,A95703,B429816540
01JUL2014:14:52:24,100,9.25,ES0158252033,10442105802,10442105556,A95703,B429816540
01JUL2014:14:52:25,100,9.1,ES0158252033,10442112288,10442105803,C1840321,B433077165
01JUL2014:14:52:25,200,9.25,ES0158252033,10442105804,10442105556,A95703,B128778
01JUL2014:14:52:36,67,9.34,ES0158252033,10442105815,10442105786,B429816540,B8734110
01JUL2014:14:52:39,100,9.37,ES0158252033,10442105816,10442112245,A8605026,C8329321
01JUL2014:14:52:46,80,9.35,ES0158252033,10442105815,10442105821,B8734110,B8734110
01JUL2014:14:53:01,200,9.05,ES0158252033,10442105830,10442105832,A8605026,B429816540
01JUL2014:14:53:02,57,9,ES0158252033,10442105793,10442105834,A125250,C424759231
01JUL2014:14:53:03,110,8.85,ES0158252033,10442105781,10442105837,A125250,C8329321
01JUL2014:14:53:05,15,8.7,ES0158252033,10442105797,10442112296,A8605026,C8329321
01JUL2014:14:53:05,38,8.7,ES0158252033,10442105744,10442112296,A8605026,B128778
01JUL2014:14:53:15,25,9.07,ES0158252033,10442105854,10442112300,A11288376,B429816540
01JUL2014:14:53:36,100,8.89,ES0158252033,10442105879,10442112303,B429816540,B8734110
01JUL2014:14:53:38,117,8.9,ES0158252033,10442105880,10442105867,B433077165,B128778
01JUL2014:14:53:46,200,8.87,ES0158252033,10442105890,10442105883,B433077165,C9324721
01JUL2014:14:54:06,10,9.21,ES0158252033,10442105901,10442112308,B405882786,B429816540
01JUL2014:14:54:15,100,9.13,ES0158252033,10442105909,10442112310,B429816540,B433077165
01JUL2014:14:54:20,200,9,ES0158252033,10442105907,10442105912,C156520,B429816540
01JUL2014:14:54:35,40,8.98,ES0158252033,10442105919,10442112308,B405882786,C9324721
01JUL2014:14:54:35,193,8.96,ES0158252033,10442105922,10442112308,B405882786,C9324721
01JUL2014:14:54:39,50,8.75,ES0158252033,10442105877,10442105929,C439398190,B128778
01JUL2014:14:54:41,38,8.95,ES0158252033,10442105931,10442112317,B429816540,B128778
01JUL2014:14:54:57,10,8.88,ES0158252033,10442105940,10442112317,B429816540,C424759231
01JUL2014:14:54:57,100,8.88,ES0158252033,10442105941,10442112317,B429816540,B124251
01JUL2014:14:56:09,138,9.3,ES0158252033,10442105995,10442105892,B240471,C9324721
01JUL2014:14:56:12,150,9.3,ES0158252033,10442105997,10442105892,B240471,C1840321
01JUL2014:14:56:16,100,9.3,ES0158252033,10442106000,10442105892,B240471,C439398190
01JUL2014:14:56:23,100,9.12,ES0158252033,10442112319,10442106009,B128778,A11288376
01JUL2014:14:56:38,12,9.19,ES0158252033,10442106020,10442106018,A11288376,C156520
01JUL2014:14:56:38,18,9.25,ES0158252033,10442106020,10442106005,A95703,C156520
01JUL2014:14:56:55,50,9.22,ES0158252033,10442106029,10442106027,B429816540,B128778
01JUL2014:14:57:03,200,9,ES0158252033,10442106023,10442106036,B405882786,C8329321
01JUL2014:14:57:24,30,9.05,ES0158252033,10442106049,10442106045,A8605026,C424759231
01JUL2014:14:57:40,200,9,ES0158252033,10442106058,10442106051,A95703,C9324721
01JUL2014:14:58:05,46,9.1,ES0158252033,10442106070,10442112338,C439398190,C424759231
01JUL2014:14:58:05,94,9.1,ES0158252033,10442106070,10442112332,A128271,C424759231
01JUL2014:14:58:20,26,9.12,ES0158252033,10442106074,10442106040,B128778,B433077165
01JUL2014:14:58:20,50,9.18,ES0158252033,10442106074,10442106047,B128778,B433077165
01JUL2014:14:58:22,200,9.2,ES0158252033,10442106076,10442106038,B433077165,C156520
01JUL2014:14:58:27,160,9.12,ES0158252033,10442106075,10442106081,B128778,B429816540
01JUL2014:14:58:37,54,9.2,ES0158252033,10442106084,10442106038,B433077165,C11084986
01JUL2014:14:58:41,28,9.12,ES0158252033,10442106085,10442106087,A8605026,B128778
01JUL2014:14:58:41,141,9.04,ES0158252033,10442112345,10442106087,A8605026,B429816540
01JUL2014:14:58:42,25,8.9,ES0158252033,10442105962,10442106090,A125250,C11084986
01JUL2014:14:58:42,30,8.9,ES0158252033,10442105977,10442106091,A8605026,B128778
01JUL2014:14:58:42,68,8.95,ES0158252033,10442106061,10442106090,A125250,C156520
01JUL2014:14:58:42,100,9,ES0158252033,10442106066,10442106090,A125250,C11084986
01JUL2014:14:58:42,170,9,ES0158252033,10442106079,10442106090,A125250,B433077165
01JUL2014:14:58:43,32,8.9,ES0158252033,10442105993,10442106092,A125250,C424759231
01JUL2014:14:58:44,105,8.78,ES0158252033,10442105964,10442106093,A8605026,B429816540
01JUL2014:14:58:46,100,9,ES0158252033,10442106096,10442112346,A8605026,C11084986
01JUL2014:14:58:52,55,8.99,ES0158252033,10442106103,10442112346,A8605026,C8329321
01JUL2014:14:58:54,100,8.99,ES0158252033,10442106107,10442106101,B429816540,C9324721
01JUL2014:14:58:55,100,8.98,ES0158252033,10442106108,10442112346,A8605026,C424759231
01JUL2014:14:58:55,115,8.98,ES0158252033,10442106108,10442112351,C439398190,C424759231
01JUL2014:14:59:07,35,8.92,ES0158252033,10442106115,10442112353,A11288376,C156520
01JUL2014:14:59:10,31,8.75,ES0158252033,10442105967,10442106118,A8605026,C8329321
01JUL2014:14:59:34,50,8.93,ES0158252033,10442106137,10442112354,B429816540,B429816540
01JUL2014:14:59:37,10,8.98,ES0158252033,10442106139,10442112346,A8605026,B429816540
01JUL2014:14:59:40,100,8.88,ES0158252033,10442112359,10442106143,A8605026,B433077165
01JUL2014:14:59:44,84,8.98,ES0158252033,10442106146,10442112346,A8605026,C9324721
01JUL2014:14:59:44,100,8.98,ES0158252033,10442106146,10442112346,A8605026,C9324721
01JUL2014:15:00:09,6,9.08,ES0158252033,10442106157,10442106122,B128778,B429816540
01JUL2014:15:00:09,44,9.08,ES0158252033,10442106158,10442106122,B128778,C156520
01JUL2014:15:00:16,100,9,ES0158252033,10442106165,10442106169,A8605026,B128778
01JUL2014:15:00:20,60,8.9,ES0158252033,10442106153,10442106177,B429816540,C9324721
01JUL2014:15:00:20,200,8.9,ES0158252033,10442106163,10442106177,B429816540,C156520
01JUL2014:15:00:39,25,8.8,ES0158252033,10442106140,10442106185,A125250,C424759231
01JUL2014:15:00:39,56,8.82,ES0158252033,10442106152,10442106185,A125250,C8329321
01JUL2014:15:00:39,150,8.8,ES0158252033,10442106125,10442106185,A125250,B128778
01JUL2014:15:00:41,40,8.75,ES0158252033,10442106121,10442106188,B429816540,C156520
01JUL2014:15:00:46,76,8.65,ES0158252033,10442105850,10442106195,B429816540,C8329321
01JUL2014:15:00:47,100,8.65,ES0158252033,10442106198,10442106197,B429816540,C9324721
01JUL2014:15:00:48,59,8.62,ES0158252033,10442105734,10442106200,B429816540,C8329321
01JUL2014:15:00:50,50,8.61,ES0158252033,10442106013,10442112373,B429816540,B128778
01JUL2014:15:00:50,100,8.61,ES0158252033,10442105799,10442112373,B429816540,B128778
01JUL2014:15:00:55,200,8.7,ES0158252033,10442106205,10442106194,B128778,B433077165
01JUL2014:15:01:07,11,8.62,ES0158252033,10442106210,10442106207,B429816540,A170820
01JUL2014:15:01:11,21,8.78,ES0158252033,10442106214,10442106204,B429816540,B433077165
01JUL2014:15:01:15,55,8.83,ES0158252033,10442106216,10442112370,A11288376,B429816540
01JUL2014:15:01:22,10,8.79,ES0158252033,10442106222,10442106221,B429816540,C156520
01JUL2014:15:01:26,25,8.78,ES0158252033,10442106214,10442106224,A11288376,B433077165
01JUL2014:15:01:39,35,8.93,ES0158252033,10442106232,10442106225,B429816540,C8329321
01JUL2014:15:01:39,65,8.9,ES0158252033,10442106232,10442106208,C439398190,C8329321
01JUL2014:15:01:45,12,8.79,ES0158252033,10442112383,10442106234,B429816540,A11288376
01JUL2014:15:01:58,14,8.86,ES0158252033,10442106239,10442106236,A11288376,B128778
01JUL2014:15:01:58,31,8.96,ES0158252033,10442106239,10442106220,B128778,B128778
01JUL2014:15:02:14,61,8.96,ES0158252033,10442106244,10442106258,A8605026,B429816540
01JUL2014:15:02:14,160,8.96,ES0158252033,10442106244,10442106258,A8605026,B429816540
01JUL2014:15:02:17,148,8.99,ES0158252033,10442106264,10442112390,A128271,B429816540
01JUL2014:15:02:22,113,8.93,ES0158252033,10442106241,10442112391,A8605026,B433077165
01JUL2014:15:02:26,40,8.9,ES0158252033,10442106267,10442112391,A8605026,B128778
01JUL2014:15:02:38,150,8.9,ES0158252033,10442106276,10442112391,A8605026,B8734110
01JUL2014:15:02:46,100,8.8,ES0158252033,10442106235,10442106279,A125250,B128778
01JUL2014:15:02:46,120,8.81,ES0158252033,10442106254,10442106279,A125250,B128778
01JUL2014:15:02:47,170,8.9,ES0158252033,10442106280,10442112391,A8605026,C9324721
01JUL2014:15:02:54,100,8.9,ES0158252033,10442106283,10442106281,C439398190,A550725
01JUL2014:15:02:54,104,8.9,ES0158252033,10442106283,10442112394,C8329321,A550725
01JUL2014:15:03:06,100,8.8,ES0158252033,10442106285,10442106292,A8605026,C9324721
01JUL2014:15:03:51,100,8.82,ES0158252033,10442106308,10442106313,A125250,C8329321
01JUL2014:15:03:54,100,8.82,ES0158252033,10442106316,10442106315,B405882786,C156520
01JUL2014:15:03:55,45,8.88,ES0158252033,10442106317,10442112401,C8329321,C8329321
01JUL2014:15:04:19,146,8.8,ES0158252033,10442106323,10442106328,C9324721,C9324721
01JUL2014:15:04:38,200,8.86,ES0158252033,10442112409,10442106344,A8605026,A11288376
01JUL2014:15:04:41,100,8.99,ES0158252033,10442106348,10442106345,C439398190,B8734110
01JUL2014:15:04:41,153,8.99,ES0158252033,10442106348,10442112408,C8329321,B8734110
01JUL2014:15:04:49,140,8.97,ES0158252033,10442106354,10442112412,A11288376,B1139295
01JUL2014:15:05:06,37,8.81,ES0158252033,10442106351,10442106365,B124251,C439398190
01JUL2014:15:05:06,194,8.8,ES0158252033,10442106329,10442106365,B124251,C9324721
01JUL2014:15:05:12,38,8.87,ES0158252033,10442106369,10442112416,A11288376,C8329321
01JUL2014:15:05:15,9,8.83,ES0158252033,10442106366,10442106373,C439398190,B124251
01JUL2014:15:05:15,126,8.8,ES0158252033,10442106329,10442106373,C439398190,C9324721
01JUL2014:15:05:18,95,8.8,ES0158252033,10442106329,10442106375,B429816540,C9324721
01JUL2014:15:05:19,56,8.6,ES0158252033,10442105667,10442106333,C9324721,C156520
01JUL2014:15:05:19,63,8.6,ES0158252033,10442106290,10442106333,C9324721,A2007006
01JUL2014:15:05:19,70,8.6,ES0158252033,10442105900,10442106333,C9324721,C8329321
01JUL2014:15:05:19,100,8.6,ES0158252033,10442105911,10442106333,C9324721,B128778
01JUL2014:15:05:19,100,8.62,ES0158252033,10442112392,10442106333,C9324721,B405882786
01JUL2014:15:05:19,150,8.61,ES0158252033,10442106240,10442106333,C9324721,B8734110
01JUL2014:15:05:23,154,8.56,ES0158252033,10442105418,10442105947,C424759231,B405882786
01JUL2014:15:05:23,187,8.58,ES0158252033,10442106042,10442112416,A11288376,C8329321
01JUL2014:15:05:25,54,8.69,ES0158252033,10442106378,10442112408,C8329321,C8329321
01JUL2014:15:05:56,20,8.69,ES0158252033,10442106394,10442112408,C8329321,B8734110
01JUL2014:15:05:57,3,8.65,ES0158252033,10442106380,10442106395,B429816540,A203841
01JUL2014:15:05:57,80,8.65,ES0158252033,10442106392,10442106395,B429816540,A8982441
01JUL2014:15:06:09,5,8.65,ES0158252033,10442106380,10442106403,A8605026,A203841
01JUL2014:15:06:09,50,8.65,ES0158252033,10442106397,10442106403,A8605026,A125250
01JUL2014:15:06:16,45,8.65,ES0158252033,10442106380,10442106411,B405882786,A203841
01JUL2014:15:06:19,87,8.51,ES0158252033,10442106120,10442106414,B429816540,C11084986
01JUL2014:15:06:21,69,8.5,ES0158252033,10442106416,10442106414,B429816540,B128778
01JUL2014:15:06:22,165,8.64,ES0158252033,10442106419,10442106417,A11174628,C9324721
01JUL2014:15:09:00,16,8.5,ES0158252033,10442106432,10442106459,B128778,C424759231
01JUL2014:15:09:00,25,8.5,ES0158252033,10442106449,10442106421,C156520,C156520
01JUL2014:15:09:00,47,8.5,ES0158252033,10442106434,10442106459,B128778,C8329321
01JUL2014:15:09:00,65,8.5,ES0158252033,10442106449,10442106462,B429816540,C156520
01JUL2014:15:09:00,90,8.5,ES0158252033,10442106439,10442112431,B405882786,C8329321
01JUL2014:15:09:00,125,8.5,ES0158252033,10442106452,10442106421,C156520,C156520
01JUL2014:15:09:06,50,8.5,ES0158252033,10442106436,10442106469,B429816540,C424759231
01JUL2014:15:09:10,17,8.52,ES0158252033,10442106472,10442106474,B429816540,C9324721
01JUL2014:15:16:00,12,8.56,ES0158252033,10442106518,10442106507,C8329321,B128778
01JUL2014:15:16:00,33,8.56,ES0158252033,10442106518,10442106563,B128778,B128778
01JUL2014:15:16:00,51,8.56,ES0158252033,10442106558,10442106567,A11288376,B128778
01JUL2014:15:16:00,100,8.56,ES0158252033,10442106496,10442106504,C156520,C9324721
01JUL2014:15:16:00,171,8.56,ES0158252033,10442106515,10442112334,A8605026,B124251
01JUL2014:15:16:00,199,8.56,ES0158252033,10442106558,10442106544,A128271,B128778
01JUL2014:15:16:00,200,8.56,ES0158252033,10442106536,10442106507,C8329321,B124251
01JUL2014:15:16:00,200,8.56,ES0158252033,10442106554,10442106570,B429816540,C133903
01JUL2014:15:16:02,150,8.59,ES0158252033,10442106572,10442106516,C156520,B429816540
01JUL2014:15:16:05,101,8.64,ES0158252033,10442106574,10442106575,A8605026,B429816540
01JUL2014:15:16:05,150,8.56,ES0158252033,10442106569,10442106575,A8605026,C133903
01JUL2014:15:16:09,160,8.57,ES0158252033,10442106577,10442106583,A8605026,B429816540
01JUL2014:15:16:11,17,8.57,ES0158252033,10442106577,10442106584,A8605026,B429816540
01JUL2014:15:16:14,110,8.5,ES0158252033,10442106562,10442106591,B429816540,C156520
01JUL2014:15:16:16,117,8.45,ES0158252033,10442106540,10442106595,A8605026,C8329321
01JUL2014:15:24:00,55,8.51,ES0158252033,10442106694,10442106634,A95703,B429816540
01JUL2014:15:24:00,65,8.51,ES0158252033,10442106687,10442106652,B228150,B8734110
01JUL2014:15:24:00,100,8.51,ES0158252033,10442106597,10442106622,C9324721,C9324721
01JUL2014:15:24:00,200,8.51,ES0158252033,10442106650,10442112444,A95703,C9324721
01JUL2014:15:24:15,95,8.66,ES0158252033,10442106707,10442106703,B206403,C439398190
01JUL2014:15:24:15,155,8.67,ES0158252033,10442106707,10442112456,A11174628,C439398190
01JUL2014:15:24:17,143,8.6,ES0158252033,10442112460,10442106708,A8605026,A11174628
01JUL2014:15:24:23,25,8.56,ES0158252033,10442106711,10442106714,A8605026,B429816540
01JUL2014:15:24:29,50,8.68,ES0158252033,10442106716,10442106613,B128778,A2007006
01JUL2014:15:24:39,100,8.62,ES0158252033,10442106723,10442112461,C8329321,C9324721
01JUL2014:15:24:56,50,8.45,ES0158252033,10442106664,10442106739,B429816540,C156520
01JUL2014:15:24:56,158,8.5,ES0158252033,10442106662,10442106738,B429816540,B8734110
01JUL2014:15:24:57,7,8.41,ES0158252033,10442106517,10442106741,B429816540,B128778
01JUL2014:15:25:00,32,8.5,ES0158252033,10442106744,10442106738,B429816540,B433077165
01JUL2014:15:25:00,110,8.5,ES0158252033,10442106747,10442106738,B429816540,B433077165
01JUL2014:15:25:02,8,8.5,ES0158252033,10442106751,10442106738,B429816540,B433077165
01JUL2014:15:25:02,160,8.5,ES0158252033,10442106751,10442106738,B429816540,B433077165
01JUL2014:15:25:04,12,8.5,ES0158252033,10442106755,10442106738,B429816540,B433077165
01JUL2014:15:25:04,100,8.56,ES0158252033,10442106755,10442112459,A11288376,B433077165
01JUL2014:15:25:10,40,8.7,ES0158252033,10442106769,10442106601,B128778,C9324721
01JUL2014:15:25:10,60,8.63,ES0158252033,10442106769,10442106759,B128778,C9324721
01JUL2014:15:25:10,92,8.59,ES0158252033,10442106771,10442106773,C8329321,A8982441
01JUL2014:15:25:10,106,8.59,ES0158252033,10442112472,10442106773,C8329321,B429816540
01JUL2014:15:25:12,60,8.7,ES0158252033,10442106778,10442106601,B128778,B433077165
01JUL2014:15:25:18,182,8.6,ES0158252033,10442112472,10442106786,C8329321,B429816540
01JUL2014:15:25:26,117,8.8,ES0158252033,10442106803,10442106505,C9324721,C424759231
01JUL2014:15:25:29,87,8.8,ES0158252033,10442106808,10442106795,B128778,A11288376
01JUL2014:15:25:31,200,8.8,ES0158252033,10442106809,10442106795,B128778,A11288376
01JUL2014:15:25:32,180,8.8,ES0158252033,10442106810,10442106807,C8329321,B433077165
01JUL2014:15:25:37,100,8.87,ES0158252033,10442112470,10442112423,B429816540,A11288376
01JUL2014:15:25:39,100,8.92,ES0158252033,10442106819,10442106450,B405882786,A11288376
01JUL2014:15:25:39,148,8.87,ES0158252033,10442106823,10442106824,C8329321,A11174628
01JUL2014:15:26:02,120,9,ES0158252033,10442106846,10442112485,A11288376,B124251
01JUL2014:15:26:02,145,9,ES0158252033,10442106841,10442112485,A11288376,B128778
01JUL2014:15:26:08,89,9,ES0158252033,10442106854,10442112485,A11288376,C156520
01JUL2014:15:26:10,12,9,ES0158252033,10442106858,10442112481,C439398190,C156520
01JUL2014:15:26:14,82,9.08,ES0158252033,10442106861,10442112491,C8329321,B1139295
01JUL2014:15:26:14,168,9.08,ES0158252033,10442106861,10442112489,A11174628,B1139295
01JUL2014:15:26:15,1,9.08,ES0158252033,10442106862,10442112491,C8329321,B128778
01JUL2014:15:26:32,150,9.05,ES0158252033,10442106868,10442106874,A2007006,C9324721
01JUL2014:15:26:48,30,9.07,ES0158252033,10442106881,10442106876,C439398190,C8329321
01JUL2014:15:26:48,70,9.07,ES0158252033,10442106881,10442112491,C8329321,C8329321
01JUL2014:15:26:49,50,9,ES0158252033,10442106867,10442106882,B240471,B128778
01JUL2014:15:26:50,100,9,ES0158252033,10442106883,10442106882,B240471,B128778
01JUL2014:15:27:01,25,9.16,ES0158252033,10442106891,10442106888,A11288376,C8329321
01JUL2014:15:27:01,67,9.07,ES0158252033,10442106891,10442106876,C439398190,C8329321
01JUL2014:15:27:01,145,9,ES0158252033,10442106891,10442112499,C8329321,C8329321
01JUL2014:15:27:06,50,9.18,ES0158252033,10442106901,10442106845,B433077165,B8734110
01JUL2014:15:27:54,50,9.19,ES0158252033,10442106929,10442112511,C8329321,C8329321
01JUL2014:15:28:01,178,9.18,ES0158252033,10442106934,10442112511,C8329321,B124251
01JUL2014:15:28:03,77,9.19,ES0158252033,10442106936,10442106938,B429816540,C424759231
01JUL2014:15:28:05,100,9.27,ES0158252033,10442106940,10442112493,B429816540,C9324721
01JUL2014:15:34:00,6,9.5,ES0158252033,10442106975,10442107015,B128778,B128778
01JUL2014:15:34:00,17,9.5,ES0158252033,10442107033,10442107046,B433077165,C156520
01JUL2014:15:34:00,22,9.5,ES0158252033,10442106994,10442106996,A8605026,C8329321
01JUL2014:15:34:00,25,9.5,ES0158252033,10442107009,10442106991,B128778,B128778
01JUL2014:15:34:00,30,9.5,ES0158252033,10442107036,10442107046,B433077165,C8329321
01JUL2014:15:34:00,45,9.7,ES0158252033,10442107047,10442105968,B240471,B128778
01JUL2014:15:34:00,86,9.5,ES0158252033,10442106940,10442106946,B433077165,C9324721
01JUL2014:15:34:00,94,9.5,ES0158252033,10442107041,10442112518,A8605026,C424759231
01JUL2014:15:34:00,100,9.5,ES0158252033,10442106975,10442106983,B128778,B128778
01JUL2014:15:34:00,103,9.5,ES0158252033,10442107009,10442107046,B433077165,B128778
01JUL2014:15:34:00,120,9.5,ES0158252033,10442106974,10442112520,A8605026,A2007006
01JUL2014:15:34:00,126,9.5,ES0158252033,10442107039,10442107018,C424759231,A2007006
01JUL2014:15:34:00,150,9.5,ES0158252033,10442107042,10442112518,A8605026,A128271
01JUL2014:15:34:00,150,9.5,ES0158252033,10442106986,10442112520,A8605026,C9324721
01JUL2014:15:34:00,200,9.5,ES0158252033,10442106979,10442105678,B240471,C424759231
01JUL2014:15:34:00,200,9.5,ES0158252033,10442107026,10442112518,A8605026,C11084986
01JUL2014:15:34:00,200,9.5,ES0158252033,10442107017,10442107046,B433077165,B8734110
01JUL2014:15:34:06,24,9.5,ES0158252033,10442107039,10442107055,C439398190,A2007006
01JUL2014:15:34:06,115,9.7,ES0158252033,10442107054,10442105968,B240471,B128778
01JUL2014:15:34:06,152,9.43,ES0158252033,10442112521,10442107055,C439398190,A11174628
01JUL2014:15:34:20,25,9.6,ES0158252033,10442107079,10442112526,A11288376,C439398190
01JUL2014:15:34:25,16,9.63,ES0158252033,10442107084,10442107064,A8605026,B128778
01JUL2014:15:34:37,100,9.67,ES0158252033,10442107098,10442107094,A8605026,C8329321
01JUL2014:15:34:38,100,9.67,ES0158252033,10442107099,10442107094,A8605026,B433077165
01JUL2014:15:34:38,161,9.69,ES0158252033,10442107100,10442107097,B128778,C9324721
01JUL2014:15:34:39,190,9.8,ES0158252033,10442107102,10442106977,C156520,B429816540
01JUL2014:15:34:40,199,9.72,ES0158252033,10442107100,10442107104,A8605026,C9324721
01JUL2014:15:34:46,67,9.71,ES0158252033,10442107107,10442107111,A8605026,B429816540
01JUL2014:15:34:48,30,9.87,ES0158252033,10442107113,10442107091,B128778,C424759231
01JUL2014:15:34:53,23,9.46,ES0158252033,10442112527,10442107120,B128778,A11288376
01JUL2014:15:34:53,25,9.6,ES0158252033,10442107082,10442107120,B128778,B429816540
01JUL2014:15:34:53,134,9.65,ES0158252033,10442112530,10442107120,B128778,A11288376
01JUL2014:15:34:58,138,9.79,ES0158252033,10442107128,10442112535,A11174628,C156520
01JUL2014:15:34:58,150,9.83,ES0158252033,10442107128,10442112529,C439398190,C156520
01JUL2014:15:35:02,50,9.91,ES0158252033,10442107134,10442112498,B429816540,C8329321
01JUL2014:15:35:05,33,9.9,ES0158252033,10442107141,10442107140,B206403,B429816540
01JUL2014:15:35:14,20,9.79,ES0158252033,10442107154,10442107152,B206403,C8329321
01JUL2014:15:35:18,28,9.79,ES0158252033,10442107158,10442107152,B206403,C9324721
01JUL2014:15:35:18,35,9.92,ES0158252033,10442107158,10442105730,C424759231,C9324721
01JUL2014:15:35:18,50,10,ES0158252033,10442107160,10442107021,B128778,C424759231
01JUL2014:15:35:18,50,9.94,ES0158252033,10442107158,10442107150,C439398190,C9324721
01JUL2014:15:35:22,10,10,ES0158252033,10442107169,10442107125,B128778,B429816540
01JUL2014:15:35:34,44,10.15,ES0158252033,10442107180,10442107176,B429816540,C9324721
01JUL2014:15:35:34,56,10,ES0158252033,10442107180,10442107173,B433077165,C9324721
01JUL2014:15:35:48,43,10.2,ES0158252033,10442107193,10442107060,C439398190,B144453
01JUL2014:15:35:54,80,10.2,ES0158252033,10442107197,10442107106,B240471,B128778
